2382 4110
628 115 889 165 omno
921 115 1014 165 111.
1065 115 1239 193 ¹N.¹⁴·
1272 116 1693 185 numm.
2067 114 2135 178 ει

206 264 334 330 dies
386 261 544 327 facti
596 276 770 347 sunt,
820 283 1031 345 neque
1086 284 1190 327 res
1246 263 1427 343 ulla„
1474 283 1599 331 uae
1628 262 1719 327 ad
1747 261 2149 348 placandum„

204 381 350 455 deos
381 377 758 463 pertineret,
778 375 1238 463 praetermissa
1268 390 1407 450 est;
1453 375 1783 461 iidemque
1796 375 2141 460 jusserunt

210 488 657 571 '‘simulam-um
711 485 900 569 Jovis
929 485 1147 551 facere
1179 485 1417 571 majus,
1448 502 1514 555 et
1544 488 1612 555 in
1632 488 1894 555 excelso
1929 486 2129 553 collo-

203 619 359 677 care,
391 610 458 661 et
502 593 727 659 contra
781 609 975 680 atque
1028 592 1178 661 ante
1216 594 1455 675 fuerat,
1484 595 1574 659 ad
1607 578 1947 663 Orientem
1978 615 2133 659 con·

199 720 488 798 vertere.
525 725 599 767 ac
630 725 701 767 se
735 723 992 786 sperare
1026 703 1355 783 dixerunt,
1386 702 1444 766 si
1468 702 1633 768 illud
1653 704 1936 788 signum,
1955 702 2137 786 quod

200 791 450 892 videtis,
481 794 638 876 solis
672 827 892 877 ortum
921 826 988 877 et
1016 811 1234 877 forum
1275 813 1659 901 curiamque
1714 812 2137 903 conspiceret,

189 924 352 1004 fore,
381 938 456 986 ut
487 944 568 985 ea
590 922 868 985 consilia
900 944 1065 1006 quae
1096 920 1265 988 clim
1316 940 1532 991 essent
1574 924 1740 991 inita
1770 938 1997 991 contra
2029 945 2131 989 sa-

199 1036 391 1099 lutem
414 1033 606 1097 urbis
620 1047 816 1118 atque
839 1032 1119 1135 imperii,
1142 1034 1642 1116 illustrarentur,
1673 1050 1748 1107 ut
1769 1057 1810 1099 a
1830 1034 1901 1099 S.
1932 1035 2008 1101 Ρ.
2037 1035 2129 1111 Q.

202 1146 280 1208 R.
311 1126 591 1230 perspici
637 1159 925 1239 possent.
1039 1145 1269 1228 Atque
1324 1146 1486 1212 illud
1542 1146 1636 1215 ita
1684 1147 2135 1213 collocandum

201 1257 511 1321 Consules
532 1256 627 1320 illi
655 1269 1062 1330 statuet-unu
1097 1257 1217 1320 sed
1247 1271 1439 1333 tanta
1448 1255 1577 1321 fuit
1595 1256 1811 1357 operis
1842 1257 2141 1337 tarditas,

199 1381 269 1431 ut
308 1388 521 1450 neque
578 1388 619 1429 a
666 1366 1106 1453 superioribus
1158 1366 1557 1449 consulibus,
1610 1388 1823 1453 neque
1878 1389 1921 1432 a
1946 1366 2137 1433 nobis

195 1491 335 1540 ante
353 1476 765 1543 'hodiernum
796 1476 973 1540 diem
1005 1477 1453 1541 collocaretur.

277 1588 401 1649 IX.
469 1586 611 1649 Hic
644 1566 792 1689 ouis
824 1600 1036 1671 potest
1067 1608 1235 1665 esse,
1268 1585 1589 1665 Quirites,
1620 1600 1758 1650 tam
1791 1607 2060 1651 aversus
2092 1606 2141 1649 a

188 1716 367 1776 vet-0,
399 1711 539 1759 tam
568 1718 900 1799 praeceps,
929 1709 1067 1758 tam
1099 1710 1315 1758 mente
1340 1708 1590 1792 captus,
1623 1695 1737 1777 qui
1760 1711 1954 1779 neget
1974 1694 2155 1771 haec,

189 1809 435 1886 omnia,
470 1830 640 1905 quae
668 1807 995 1886 videmus,
1027 1803 1506 1891 praecipueque
1537 1805 1702 1869 hanc
1733 1804 1984 1883 urbem,
2024 1804 2143 1867 de·-

187 1939 374 1981 orum
410 1906 881 1991 immortalium
932 1929 1097 1979 nutu
1148 1930 1342 2001 atque
1375 1928 1693 1999 potestate
1726 1912 2139 1977 administra·

186 2030 280 2092 ri.
263 2029 287 2071 Ρ
339 2028 610 2092 Etenim
644 2050 799 2092 cum
832 2042 1002 2092 esset
1034 2028 1126 2092 ita
1155 2049 1564 2112 responsum,
1618 2025 1937 2108 caedes,
1920 2049 2136 2094 meen-

181 2145 314 2224 dia,
348 2123 820 2236 interitumque
852 2143 1247 2229 reipublicae
1278 2143 1665 2227 comparari,
1718 2158 1783 2208 et
1814 2166 1894 2207 ea
1921 2165 1962 2207 a
1991 2167 2137 2231 per-

187 2257 339 2322 ditis
376 2256 679 2331 civibus;
736 2265 900 2339 quae
942 2272 1083 2321 tum
1139 2271 1404 2346 propter
1434 2258 1952 2344 magnitudinem
1997 2280 2137 2322 sce-

183 2363 398 2432 lerum
429 2367 755 2440 nonnullis
789 2366 1195 2452 incredibilia
1218 2367 1626 2448 videbantur,
1658 2389 1736 2431 oa
1765 2390 1899 2434 non
1932 2370 2136 2434 modo

185 2478 475 2561 cogitata
506 2499 544 2540 a
573 2477 838 2560 nefariis
863 2478 1138 2559 civibus,
1166 2479 1399 2543 verum
1434 2480 1632 2543 etiam
1657 2494 1913 2568 suscep
1902 2502 1957 2543 a
1988 2502 2132 2544 esse

180 2586 505 2662 sensistis.
600 2587 774 2650 Illud
804 2588 963 2652 vero
994 2611 1152 2652 ιιοιι·
1128 2609 1239 2651 -ue
1270 2588 1363 2650 ita
1391 2609 1693 2674 praesens
1728 2603 1849 2667 est,
1870 2604 1947 2652 ut
1974 2604 2138 2652 nutu

180 2697 375 2777 Jovis
411 2697 668 2786 Optimi
706 2698 993 2762 Maximi
1027 2699 1273 2762 factum
1303 2719 1447 2760 esse
1479 2698 1803 2776 videatur,
1842 2711 1937 2786 ut,
1983 2720 2145 2766 cum.

177 2803 510 2882 hodierno
542 2807 649 2869 die
683 2804 874 2871 mane
908 2830 1025 2892 per
1055 2807 1275 2872 forum
1304 2828 1453 2870 meo
1475 2807 1671 2892 jussu
1726 2820 1791 2870 et
1819 2805 2149 2896 conjurati·

176 2927 241 2978 et
274 2937 517 2979 eorum
549 2903 795 2980 indices
848 2917 916 2996 in
972 2918 1240 2981 ⁴aedem
1277 2919 1533 2981 Concor
1537 2918 1682 2981 “ae
1720 2915 2112 2984 ducerentur

243 3054 295 3103 3.
338 3054 666 3103 Simulacrum
686 3054 1003 3106 Iovis—The
1024 3057 1236 3104 Tuscan
1261 3054 1590 3120 soothsayers
1611 3007 1718 3105 had
1730 3056 1996 3134 reported,
2008 3056 2145 3118 that,

175 3115 224 3166 if
236 3135 271 3167 a
289 3120 481 3185 lar-ger
500 3128 671 3170 statue
689 3119 755 3170 of
766 3121 973 3188 Jupiter
995 3135 1132 3171 were
1151 3121 1327 3181 made,
1350 3121 1452 3169 and
1471 3121 1683 3186 placed
1670 3139 1722 3171 m
1744 3139 1774 3171 a
1796 3123 2139 3187 conspicuous

177 3184 462 3246 situation,
483 3181 619 3236 and’
606 3203 659 3240 m
681 3196 944 3253 spostnre
965 3195 1213 3256 contrary
1228 3195 1285 3237 to
1307 3187 1455 3237 that
1443 3204 1494 3240 m
1515 3187 1685 3238 which
1708 3190 1750 3240 it
1768 3189 1881 3239 had·
1892 3187 2143 3256 formerly

168 3251 359 3313 stood,
384 3253 514 3302 with
540 3253 608 3302 its
630 3253 748 3304 face
767 3255 972 3305 toward
993 3253 1083 3305 the
1103 3261 1236 3316 east,
1259 3270 1317 3303 so
1338 3254 1483 3304 that
1471 3264 1513 3306 ιι
1535 3255 1690 3306 could
1712 3271 1802 3305 see
1825 3265 1877 3306 at
1897 3273 2027 3314 once
2048 3259 2141 3308 the

173 3315 353 3385 rising·
379 3333 500 3379 sun,
539 3320 630 3369 the
664 3323 878 3383 Forum,
903 3322 1018 3372 and
1024 3321 1118 3372 the
1140 3324 1326 3371 Senate
1362 3321 1545 3382 house,
1566 3324 1658 3371 the
1699 3331 1935 3373 treasons
1956 3323 2018 3373 of
2047 3325 2142 3374 the

174 3386 548 3463 conspirators
564 3387 740 3440 would
759 3389 925 3440 bem
841 3403 925 3438 am
959 3390 1017 3466 ly
1028 3388 1352 3438 discovered.
1422 3390 1538 3440 The
1553 3389 1826 3455 discovery
1847 3406 1953 3440 was
1968 3392 2142 3451 made,

174 3464 234 3499 as
257 3451 307 3503 it
330 3468 452 3502 was
486 3452 804 3522 forfiimtely
822 3471 918 3522 pre
957 3454 1117 3514 icted,
1137 3455 1230 3505 the
1265 3471 1392 3521 very
1427 3456 1531 3520 day
1550 3470 1618 3503 on
1653 3456 1821 3506 which
1852 3458 1945 3506 the
1970 3465 2143 3512 statue,

141 3585 149 3592 ι
171 3527 286 3569 vas
310 3521 543 3572 ereeoed
563 3520 894 3586 δγῦἰοοιιος
880 3538 934 3572 ιιι
953 3522 1060 3571 the
1068 3537 1284 3573 manner
1299 3471 1677 3586 prescribed.

245 3588 303 3634 4.
345 3589 535 3636 Aedem
564 3589 1107 3640 Concordiae—Cicero
1132 3589 1430 3638 assembled
1448 3588 1540 3637 the
1554 3596 1739 3638 senate
1759 3589 1811 3641 in
1833 3590 1925 3639 the
1946 3589 2145 3652 temple

174 3648 563 3785 msam
555 3647 711 3708 when
746 3657 822 3713 he
852 3653 1272 3771 mmmunicssed
1291 3651 1350 3710 to
1369 3654 1519 3704 them
1538 3653 1632 3704 th'e
1667 3654 1931 3719 detection
1964 3653 2028 3702 of
2050 3654 2143 3701 the
