2382 4110
253 160 319 216 50
695 161 954 211 ORATIO
988 165 1076 212 111.
1131 165 1210 213 m
1244 166 1301 214 L.
1335 166 1746 217 CATILINAM.

249 310 524 396 picione‚
579 310 816 374 multos
868 309 1068 374 fortes
1118 311 1297 375 viros
1353 315 1717 379 eduxerunt
1744 342 1761 390 3
1815 330 1880 379 et
1933 338 2058 399 ego
2109 316 2191 381 de

258 424 695 510 ‘praefectura
721 423 994 488 Reatina
1021 427 1385 510 complures
1413 429 1700 492 delectos
1727 431 2197 514 adolescenteS,

251 561 526 623 quorum
569 541 761 622 opera
814 553 962 601 utor
1013 538 1274 602 assidue
1323 541 1387 603 in
1421 541 1811 626 reipublicae
1845 544 2196 627 praesidi0‚

250 674 397 716 cum
432 650 664 735 gladiis
690 649 1017 713 miseram.
1111 650 1383 715 Interim
1423 654 1647 743 ''tertia
1679 652 1814 717 fere
1840 654 2060 738 vigilia
2084 678 2197 718 ex-

241 745 413 851 acta,
469 762 621 825 cum
662 762 802 848 jam
857 778 1116 845 pontem
1171 785 1321 826 cum
1376 784 1612 847 magno
1648 765 1963 828 comitatu
1996 762 2197 849 legati

255 874 692 957 Allobrogum
743 872 995 956 ingredi
1041 872 1417 957 inciperent,
1464 873 1718 959 unaque
1755 876 2138 961 Vulturcius
2177 903 2197 952 ς

253 983 324 1045 fit
355 981 422 1043 in
453 1003 564 1044 eos
597 978 875 1064 impetus
904 1003 920 1041 :
977 981 1342 1045 educuntur
1396 997 1461 1046 et
1512 984 1591 1045 ab
1625 984 1755 1046 illis
1787 985 2012 1067 gladii,
2063 999 2129 1047 et
2161 1007 2204 1048 a

249 1094 485 1158 nostris
513 1117 528 1155 ε
589 1114 691 1156 res
726 1100 862 1156 erat
885 1092 1301 1159 Praetoribus
1333 1108 1489 1158 nota
1520 1096 1674 1159 solis
1704 1119 1720 1158 ε
1781 1097 2203 1180 ignorabatur

250 1226 293 1268 a
325 1204 616 1268 caeteris.
1725 1186 1731 1192 ⁸

341 1317 477 1380 111.
526 1316 703 1379 Tum
738 1314 1101 1379 interventu
1128 1314 1456 1400 Pomptini
1493 1330 1681 1399 atque
1705 1317 2209 1405 Flacci‚pugna,

254 1448 418 1512 quae
452 1439 589 1488 erat
620 1423 988 1503 commissa,
1041 1424 1351 1487 sedatur:
1408 1423 1633 1489 literae
1681 1445 2102 1515 quaecunque
2137 1446 2209 1487 e.

254 1555 400 1605 rant
432 1540 497 1602 in
532 1561 608 1602 eo
642 1537 977 1617 comitatu,
1040 1537 1307 1621 integris
1334 1518 1578 1622 ''signi3,
1623 1537 2040 1601 Praetoribus
2073 1553 2208 1603 tra-

248 1651 539 1715 duntur:
578 1650 700 1737 ipsi
735 1648 1209 1734 comprehensi,
1235 1650 1318 1713 ad
1349 1670 1478 1730 me,
1511 1649 1665 1713 cum
1689 1649 1829 1735 jam
1846 1646 2207 1735 dilucesce-

256 1776 377 1840 ret,
404 1761 833 1825 deducuntur.
883 1758 1106 1841 Atque
1138 1758 1375 1821 horum
1408 1759 1699 1822 omnium
1733 1758 2049 1823 scelerum
2084 1761 2212 1824 im-

254 1871 715 1958 probissimum
738 1869 1247 1933 machinatorem
1280 1868 1625 1933 Cimbrum
1660 1869 2036 1949 Gabinium,
2072 1884 2210 1935 sta-

255 1984 378 2047 tim
410 1983 495 2046 ad
526 2004 653 2063 me,
706 1981 871 2044 nihil
922 1980 1081 2044 dum
1132 1980 1568 2066 suspicantem
1598 1981 1854 2045 vocavi.
1948 1980 2217 2047 Deinde

257 2095 420 2160 item
452 2093 800 2162 arcessitur
834 2091 911 2156 P.
947 2091 1267 2172 Statilius„
1319 2106 1384 2157 et
1427 2106 1573 2177 post
1617 2111 1767 2155 eum
1817 2089 2213 2178 Cethegus-2

260 2207 631 2275 tardissime
668 2223 885 2274 autem
921 2209 1239 2272 Lentulus
1271 2207 1474 2288 venit,
1529 2208 1748 2286 crede,
1782 2207 1966 2290 quod
1997 2207 2219 2271 literis

191 2377 194 2382 .
258 2321 494 2386 dandis
519 2334 773 2405 praeter
796 2309 1332 2382 consuetudinem
1360 2317 1654 2401 proxima
1677 2330 1864 2380 nocte
1887 2316 2221 2401 vigilarat.

263 2420 446 2496 Cum
475 2430 636 2496 vero
671 2429 940 2493 summis
975 2451 1049 2496 ac
1082 2427 1458 2492 clarissimis
1481 2427 1678 2514 hujus
1713 2427 1993 2492 civitatis
2026 2428 2227 2497 viris,

258 2542 398 2625 qui,
430 2540 650 2604 auditi
680 2562 774 2621 re,
826 2533 1194 2622 freq‘uentes
1242 2539 1327 2602 ad
1372 2559 1477 2600 me
1527 2533 1723 2600 mane
1759 2535 2227 2631 convenerant,

263 2654 485 2718 literas
517 2676 559 2717 a
586 2673 691 2715 me
721 2651 905 2737 prius
932 2651 1190 2736 aperiri,
1245 2647 1437 2733 quam
1492 2650 1576 2714 ad
1626 2650 1940 2722 Senatum
1984 2647 2232 2729 referri

268 2766 571 2852 placeret,
602 2787 707 2844 ne,
739 2765 793 2827 si
824 2747 1188 2827 nihil'esset
1220 2762 1577 2842 inventum,
1609 2759 1856 2826 temere
1884 2785 1924 2825 a
1947 2784 2051 2824 me
2073 2777 2230 2828 tan·

273 2891 377 2940 tus
409 2876 726 2944 tumultus
778 2876 1051 2961 injectus
1109 2874 1357 2938 civitati
1410 2875 1768 2955 videretur,
1818 2857 2055 2958 negavi
2110 2895 2234 2941 me
2348 2859 2349 2920 l

165 3043 176 3054 ,
273 3010 417 3052 esse
451 2985 799 3069 facturum,
854 3003 927 3053 ut
970 2989 1053 3053 de
1086 2987 1375 3073 periculo
1408 2988 1667 3074 publico
1699 3010 1830 3052 non
1862 2988 1944 3052 ad
1978 2990 2233 3052 concil·
2314 2923 2347 3016 Ἴ

277 3103 418 3186 ium
447 3103 777 3189 publicum
808 3125 946 3194 rem
978 3103 1297 3189 integram
1321 3102 1666 3168 deferrem.
1736 3103 2022 3183 Etenim,
2050 3101 2238 3180 Qui-

345 3278 393 3327 6.
427 3276 757 3342 Prae-lecture?
785 3279 1233 3329 Reatina-Reate
1254 3294 1361 3329 was
1382 3296 1414 3329 a
1432 3278 1617 3327 Sabine
1637 3285 1791 3328 town.
1862 3275 2246 3341 Praefhcmrae

282 3360 421 3395 were
441 3353 606 3395 towns
627 3352 683 3395 to
703 3344 875 3394 which
892 3344 1153 3410 praefects
1176 3361 1316 3396 were
1336 3345 1576 3412 annually
1594 3354 1713 3395 sent
1732 3341 1866 3394 from
1874 3347 2040 3394 Rome
2058 3351 2120 3394 to
2146 3345 2251 3396 ad-

279 3411 517 3531 grfinister
529 3410 748 3479 justice,
765 3413 961 3465 chonen
978 3411 1150 3479 partly
1170 3413 1241 3479 by
1279 3413 1372 3465 the
1416 3413 1624 3479 people‚
1668 3413 1773 3464 and
1814 3411 1987 3478 partly
2025 3409 2096 3477 by
2138 3412 2252 3466 tle

354 3486 510 3532 actor.

351 3550 399 3601 7.
436 3548 607 3599 Tertia
627 3546 985 3613 vigilia-The
1024 3549 1251 3596 Romans
1270 3547 1487 3599 divided
1501 3548 1595 3600 the
1611 3547 1765 3613 night
1775 3547 1885 3598 into
1902 3544 2021 3596 four
2035 3545 2257 3596 watch-

283 3629 361 3665 es.
427 3614 543 3665 The
566 3614 710 3665 third
730 3615 901 3665 watch
923 3615 1266 3664 commenced
1287 3615 1447 3669 about
1466 3614 1746 3682 midnighg
1766 3614 1872 3667 and
1907 3611 2259 3669 terminatus

280 3680 445 3736 about
460 3682 611 3734 three
630 3681 834 3737 o’clock
847 3681 903 3736 in
920 3682 1012 3737 the
1033 3681 1288 3750 morning.
