2382 4110
253 139 354 191 114
715 143 978 195 nmio
1008 141 1148 191 PEU
1175 141 1363 193 Im
1394 143 1716 199 muna.

251 271 510 357 poscit?
559 274 807 353 Itaque,
860 284 933 334 ut
982 269 1171 359 plura
1219 269 1353 335 non
1399 272 1639 354 dicam,
1667 294 1879 357 neque
1910 274 2190 341 aliorum

246 383 561 468 exemplis
594 382 991 463 confirmem,
1016 397 1329 464 quantum
1350 383 1547 469 hujus
1583 385 1937 449 auctoritas
1976 372 2197 450 valeat

251 494 319 557 in
350 493 541 573 bello,
597 494 676 555 ab
729 493 962 556 eodem
1001 490 1123 555 Cn.
1173 462 1815 577 Pompeio‘omnium
1869 517 2090 559 rerum
2124 517 2194 559 e-

252 607 627 693 gregiarum
674 606 972 693 exempla
1024 620 1403 671 sumantur:
1452 605 1587 690 qui,
1619 627 1748 690 quo
1799 606 1907 670 die
1940 627 1981 670 a
2009 606 2201 671 vobis

195 694 208 703 θ
231 689 578 781 maritimo
618 717 789 780 bello
841 682 1246 801 praepositus
1292 731 1391 780 est
1434 715 1807 802 imperator,
1862 731 2042 780 tanta
2090 740 2198 781 re·

243 824 438 915 pente
493 828 711 895 vilitas
762 848 1048 891 annonae
1100 848 1184 889 ex
1238 828 1491 891 summa
1545 826 1760 911 inopia
1806 842 1871 890 et
1923 827 2197 892 caritate

246 939 343 1002 rei
376 937 831 1003 frumentariae
867 952 1214 1002 consecuta
1268 951 1388 1018 est,
1420 930 1612 1001 uni'us
1644 936 1928 1001 hominis
1980 959 2098 1022 spe
2126 952 2201 1021 pt

132 1064 156 1090 ·
245 1049 530 1129 nomine,
594 1062 902 1134 quantam
956 1048 1073 1119 vix
1109 1071 1197 1112 ex
1228 1050 1478 1113 summa
1529 1049 1820 1113 ubertate
1884 1069 2200 1133 agrorum

244 1158 555 1222 diuturna
584 1180 715 1242 pax
746 1146 993 1222 efficitre
1028 1158 1374 1243 potuisset.
1465 1159 1616 1240 Jam
1649 1157 1811 1227 vero
1842 1161 2109 1242 accepta
2131 1159 2199 1222 in

247 1269 460 1334 Ponto
499 1269 902 1334 ‘calamitate
957 1291 1041 1334 ex
1073 1290 1152 1333 co
1202 1269 1471 1354 praeli0‚
1504 1269 1586 1333 de
1639 1290 1769 1351 quo
1819 1291 1938 1333 vos
1988 1269 2196 1354 paulo

247 1375 398 1443 ante
435 1372 675 1442 invi'tus
709 1379 1043 1458 admonui,
1076 1401 1227 1442 cum
1260 1379 1421 1443 socii
1475 1377 1985 1463 pertimuissent,
2028 1379 2190 1442 hos·

245 1493 412 1555 tium
471 1513 627 1576 opes
684 1486 1010 1573 animique
1045 1491 1448 1566 crevissent;
1508 1513 1658 1554 cum
1711 1486 1871 1554 satis
1927 1489 2198 1555 firmum

238 1603 639 1689 praesidium
660 1602 997 1688 provincia
1015 1624 1146 1666 non
1181 1601 1473 1683 haberet,
1518 1600 1898 1670 amisissetis
1924 1601 2200 1685 Asiam,

242 1708 564 1793 Quirites,
611 1713 738 1777 nisi
772 1712 856 1777 ad
880 1711 950 1777 id
1000 1712 1216 1804 ipsum
1269 1698 1623 1783 discrimen
1676 1713 1819 1799 ejus
1871 1715 2196 1799 temporis

241 1794 562 1889 divinitus
633 1823 755 1888 Cn.
825 1823 1215 1907 Pompeium
1269 1823 1355 1887 ad
1405 1845 1513 1887 eas
1564 1823 1867 1903 regiones
1922 1822 2197 1889 fortuna

237 1936 462 2020 populi
496 1933 777 2027 Romani
803 1933 1145 1998 attulisset.
1214 1933 1434 2018 Hujus
1467 1933 1784 1996 adventus
1816 1946 1882 1996 et
1910 1932 2193 1997 Mithri-

240 2044 461 2108 datem
525 2030 782 2106 insolita
846 2040 1325 2106 inflammatum
1398 2040 1669 2110 victoria
1730 2038 2078 2121 continuit,
2132 2055 2200 2106 et

239 2151 595 2235 Tigranem
628 2148 883 2234 magnis
916 2149 1551 2235 copiis'minitantem
1568 2148 1775 2213 Asiae
1799 2149 2191 2214 retardavit·

243 2258 333 2323 Et
357 2258 702 2343 quisquam
759 2257 1083 2322 dubitabit
1135 2257 1296 2340 quid
1325 2259 1566 2323 virtute
1618 2257 2025 2343 perfecturus
2083 2258 2199 2337 sit,

238 2370 347 2453 qui
398 2383 652 2433 tantum
704 2368 1087 2432 auctoritate
1139 2347 1485 2453 perfecerit
1511 2368 1534 2431 ἓ
1582 2382 1694 2432 aut
1747 2365 1942 2450 quam
1984 2366 2191 2432 facile

239 2484 512 2572 imperio
545 2498 737 2568 atque
772 2482 1065 2548 exercitu
1116 2484 1329 2547 socios
1364 2496 1428 2546 et
1458 2482 1807 2567 vectigalia
1838 2503 2193 2546 conserva·

237 2610 422 2662 turus
454 2596 561 2676 sit,
581 2596 691 2680 qui
717 2597 857 2682 ipso
889 2594 1149 2659 nomine
1183 2617 1258 2659 ac
1282 2617 1542 2658 rumore
1569 2583 1974 2658 defenderit?

327 2710 521 2777 XVI.
574 2708 724 2795 Age
749 2708 934 2789 vero,
965 2707 1077 2772 illa
1104 2730 1208 2771 res
1233 2721 1538 2792 quantam
1563 2695 1849 2770 decla‘rat
1880 2704 2192 2791 eji'isdem

236 2819 520 2884 hominis
576 2819 752 2903 apud
803 2817 1047 2881 hosteis
1100 2817 1323 2901 populi
1363 2816 1645 2880 Romani
1700 2814 2190 2896 auctoritatem,

235 2929 437 3014 quod,
461 2949 545 2990 ex
573 2927 734 2991 locis
766 2941 901 2992 tam
952 2925 1321 3010 longinquis
1353 2938 1617 3008 tamque
1671 2923 1973 3005 diversis,
2028 2938 2180 2988 tam

234 3033 419 3108 brevi
471 3052 763 3124 tempore
803 3060 1030 3103 omnes
1062 3037 1218 3102 huic
1242 3037 1359 3103 uni
1388 3060 1458 3100 se
1512 3022 1951 3103 dedid'e'runt?
1998 3025 2197 3119 quoa

236 3149 395 3215 Cret
408 3148 664 3212 ensium
694 3149 917 3233 legati,
940 3171 1092 3214 eum
1123 3149 1190 3213 in
1224 3171 1452 3214 eorum
1484 3147 1691 3215 insula
1720 3162 1943 3211 noster
1972 3146 2191 3230 impe-

183 3253 202 3264 “
237 3272 417 3324 rator
434 3257 887 3345 exercitusque
913 3272 1106 3339 esset,
1137 3259 1226 3346 at}
1259 3258 1381 3323 Cn.
1405 3257 1793 3344 Pompeium
1826 3256 1893 3320 in
1915 3255 2193 3321 ultimas

232 3366 436 3457 prope
483 3371 698 3438 terras
752 3349 1091 3447 venerunt,
1131 3368 1324 3452 eique
1352 3389 1426 3431 se
1479 3387 1705 3431 omnes
1763 3363 2193 3429 Cretensium

236 3479 533 3543 civitates
587 3467 826 3542 dedere
880 3474 1046 3540 velle
1102 3474 1458 3544 dixerunt?
1521 3472 1755 3554 Quid?
1801 3473 1978 3540 idem
2033 3470 2193 3558 ipse

297 3648 351 3712 ⁷⁵·
391 3647 853 3710 Omna-The
875 3643 1055 3702 defeat
1073 3644 1138 3700 of
1147 3644 1400 3701 Triarius.
