2382 4110
154 162 159 167 ,
245 140 280 173 θ
292 138 299 146 ’

212 207 318 260 258
679 203 942 258 ORATIO
972 204 1114 256 Pno
1144 205 1213 255 T.
1246 203 1311 255 A.
1345 204 1637 257 monn,

218 369 445 422 vetera
474 352 586 418 illa
614 356 837 440 populi
860 355 1146 420 Romani
1179 367 1421 439 quanta
1439 353 1687 419 fuerint
1710 351 1953 438 gaudia
1978 353 2148 439 judi-

220 489 414 542 care3
460 467 698 533 multas
751 482 973 531 tamen
1015 468 1183 553 jam⁸
1204 469 1644 530 ³summorum
1687 464 2155 549 imperatorum

218 579 613 647 clarissimas
644 579 958 643 victorias
988 594 1166 643 aetas
1201 591 1423 641 nostra
1454 576 1667 650 vidit;
1715 597 1997 660 quarum
2019 577 2153 641 nul-

214 689 282 753 la
310 709 523 773 neque
569 702 706 752 tam
758 689 1132 753 diuturnam
1183 686 1404 750 attulit
1455 684 1797 764 laetitiam,
1846 706 1969 748 nec
2023 700 2156 749 tan-

216 813 379 865 tam.
473 799 792 862 Mandate
822 798 946 860 hoc
978 796 1362 876 memoriae,
1394 794 1666 877 Judices
1692 821 1711 869 ς
1758 816 1951 879 spero
1994 794 2160 858 mul-

216 923 290 975 ta
319 932 438 975 vos
468 910 836 992 liberosque
867 922 1121 972 vestros
1154 907 1223 970 in
1254 906 1583 991 republica
1613 908 1786 969 bona
1805 927 1949 969 esse
1982 905 2157 970 visu-

218 1044 329 1087 ros
353 1049 371 1095 ς
419 1023 486 1084 in
535 1021 637 1083 his
689 1019 963 1105 singulis
1017 1021 1112 1082 ita
1166 1040 1423 1103 semper
1473 1016 1956 1096 existimabitis,
2009 1019 2161 1084 vivo

220 1133 299 1196 Ρ.
350 1132 613 1212 Clodio,
641 1133 807 1195 nihil
835 1132 1075 1195 horum
1107 1153 1226 1194 vos
1277 1131 1535 1194 visuros
1582 1129 1839 1205 fuisse3
1888 1130 1956 1194 in
1981 1152 2161 1215 spem

215 1244 597 1322 maximam,
637 1257 725 1324 et,
789 1243 1347 1326 quemadmodum
1410 1242 1689 1320 confide,
1709 1305 1733 1319 j
1752 1221 2159 1311 verissimam

216 1355 487 1420 adducti
522 1376 770 1431 sumne,
803 1354 975 1416 hunc
1006 1353 1223 1436 ipsum
1267 1374 1537 1431 annum,
1560 1353 1685 1415 hoc
1729 1351 1873 1436 ipso
1905 1373 2159 1418 summo

214 1465 362 1530 viro
401 1464 728 1543 *consule,
758 1465 1128 1547 compressa
1157 1462 1500 1529 hominum
1530 1462 1811 1543 licentia,
1844 1463 2158 1547 cupidita·

215 1572 391 1636 tibus
423 1573 670 1653 fractis,
701 1572 953 1657 legibus
978 1587 1044 1635 et
1065 1572 1340 1658 judiciis
1387 1573 1779 1653 constitutiS,
1811 1574 2162 1639 salutarem

217 1682 467 1747 civitati
500 1681 665 1746 fore.
760 1683 945 1745 Num
986 1683 1134 1769 quis
1167 1682 1371 1766 igitur
1425 1697 1526 1745 est
1555 1695 1690 1746 tam
1723 1684 2017 1765 demens,
2048 1685 2162 1768 qui

215 1793 367 1875 hoc,
416 1794 493 1857 P.
543 1793 781 1858 Clodio
814 1793 993 1872 νὶνο,
1025 1793 1401 1876 contingere
1446 1791 1737 1877 potuisse
1767 1792 2163 1858 arbitretur?

221 1908 456 1985 Quid?
504 1931 604 1989 ea,
657 1930 820 1993 quae
854 1908 1112 1986 tenetis,
1142 1905 1400 1991 privata
1450 1921 1642 1988 atque
1672 1920 1919 1986 vestra,
1954 1906 2164 1992 domi·

216 2038 411 2085 nante
444 2019 706 2084 homine
727 2018 1003 2101 furioso,
1015 2017 1205 2103 'quod
1225 2016 1341 2103 jus
1360 2030 1709 2103 perpetuae
1729 2016 2171 2103 possessionis

216 2130 455 2193 habere
489 2131 852 2214 potuissent
878 2132 901 2191 ἓ

308 2243 570 2305 XXIX.
618 2244 689 2303 N
692 2264 777 2305 on
807 2245 1037 2323 timec,
1069 2244 1363 2325 JudiceS,
1382 2264 1463 2307 ne
1488 2243 1645 2312 odio
1667 2242 2170 2308 inimicitiarum

214 2372 514 2416 mearum
547 2350 1008 2432 inflammatuS,
1031 2351 1343 2417 libentius
1368 2353 1531 2417 haec
1552 2352 1619 2415 in
1638 2352 1824 2416 illum
1856 2371 2166 2416 evomere

217 2462 470 2541 videar,
503 2457 697 2544 quam
751 2461 976 2525 verius
1001 2488 1023 2536 ς
1068 2464 1310 2527 etenim
1363 2463 1487 2526 etsi
1538 2462 1967 2547 praecipuum
2026 2480 2169 2526 esse

219 2573 518 2654 debebat,
547 2588 766 2637 tamen
800 2574 891 2636 ita
914 2574 1284 2664 communis
1310 2567 1765 2637 erat-omnium
1799 2555 1915 2636 ille'
1934 2572 2171 2652 hostis,

218 2700 294 2752 ut
317 2686 386 2749 in
409 2684 738 2750 communi
773 2683 928 2747 odio
952 2682 1117 2768 pene
1142 2681 1507 2767 aequaliter
1538 2698 1913 2750 versaretur
1935 2685 2173 2749 odium

217 2818 466 2862 meum.
561 2797 632 2858 N
634 2819 718 2859 on
749 2809 962 2881 potest
995 2795 1126 2858 dici
1174 2791 1360 2874 satis,
1405 2818 1524 2859 nec
1559 2795 1832 2879 cogitari
1866 2796 2176 2906 quidem,

219 2924 538 2993 quantum
600 2907 667 2969 in
744 2909 856 2971 illo
931 2907 1219 2987 sceleris»,
1283 2909 1606 2992 quantum
1679 2907 1866 2972 exitii
1938 2907 2174 2972 fuerit.

225 3016 408 3091 Quin
441 3016 535 3078 sic
568 3018 908 3094 attendite,
938 3018 1208 3099 Judices
1234 3044 1254 3095 3
1298 3016 1533 3105 nempe
1556 3018 1717 3082 haec
1741 3033 1842 3083 est
1865 3019 2184 3103 quaestio

217 3125 302 3192 de
345 3127 612 3191 interitu
669 3129 746 3191 P.
796 3130 1014 3195 Clodii
1041 3159 1060 3208 ς
1109 3132 1333 3218 fingite
1388 3132 1622 3196 animis
1659 3131 1934 3218 (liberae
1991 3131 2180 3195 enim

216 3250 371 3332 sunt
402 3236 828 3321 cogitationes
857 3255 1140 3328 nostrae,
1174 3258 1261 3323 et,
1296 3265 1462 3327 quae
1495 3243 1747 3322 volunt,
1779 3242 1876 3307 sic
1908 3242 2183 3307 intuen-

219 3358 351 3430 tur,
383 3360 457 3409 ut
487 3368 566 3411 ea
599 3347 946 3429 cernimuS,
980 3371 1144 3434 quae
1176 3349 1518 3434 videmus)
1537 3351 1759 3435 fingite
1783 3350 1992 3435 igitur
2015 3373 2182 3435 cog-

216 3435 489 3521 itatione
522 3458 873 3548 imaginem
905 3461 1101 3546 hujus
1147 3462 1538 3529 conditionis
1581 3483 1792 3543 meae,
1821 3463 1881 3526 si
1913 3463 2186 3547 possim

221 3568 496 3650 efficere,
526 3586 601 3636 ut
632 3571 959 3637 Milonem
991 3575 1365 3656 absolvatis,
1397 3576 1515 3641 sed
1539 3575 1653 3655 ita,
1684 3574 1740 3640 si
1768 3575 1847 3639 P.
1886 3575 2186 3639 Clodius

286 3722 340 3769 3.
383 3724 678 3776 Summorum
697 3731 1238 3801 imperatorum-Sylla
1255 3734 1361 3791 and
1380 3736 1583 3800 Mariufl
1603 3735 1747 3794 lived
1765 3736 1823 3791 in
1839 3736 1960 3793 that
1980 3749 2110 3805 &ge-

286 3786 337 3834 4.
377 3790 886 3863 Cmmlffi—Pompey.
1503 3817 1512 3828 ·
