2382 4110
704 142 967 193 ORATIO
999 142 1078 192 IN
1112 142 1190 191 M.
1226 134 1629 190 mmmm.
2033 136 2134 192 309

196 292 292 370 εὖ,
328 289 562 356 'mima
590 291 971 376 portabatur
1005 288 1257 374 {quam
1291 309 1376 353 ex
1397 285 1655 373 oppidis
1685 282 2136 369 municipales,

200 398 495 464 homines
524 400 804 481 honesti,
835 397 1098 464 obviam
1143 397 1509 462 necessario
1546 396 1963 482 prodeuntes,
2007 413 2138 456 non

195 496 348 573 noto
379 510 495 574 iuo
527 526 591 576 et
634 510 902 575 mimico
950 510 1239 589 nomine,
1271 509 1389 572 sed
1421 505 1847 571 Volumniam
1882 502 2134 568 consal-

192 619 453 684 utabant
488 642 504 682 ε
546 621 952 705 sequebatur
1011 619 1220 682 rheda
1273 638 1425 681 cum
1468 615 1836 694 lenonibus,
1859 614 2131 677 comites

191 726 568 809 nequissimi
598 752 613 790 ι
669 728 955 815 “rejecta
985 743 1196 791 mater
1241 725 1521 789 amicam
1553 722 1791 808 impuri
1826 722 1966 802 filii,
1994 736 2140 785 tan-

192 856 385 918 quam
407 832 671 919 nurum,
695 840 1109 923 sequebatur.
1160 836 1226 900 Ο
1249 836 1527 900 miserae
1552 810 1846 899 mulie'ris
1872 833 2141 897 foecun-

186 944 459 1011 ditatem
503 947 991 1013 calamitosam!
1040 949 1303 1011 Horum
1344 946 1744 1029 flagitiorum
1777 944 1901 1006 iste
1926 941 2129 1007 vesti-

190 1056 315 1140 giis
363 1061 590 1125 omnia
641 1059 1021 1143 municipia,
1049 1056 1513 1142 praefecturas,
1568 1055 1882 1134 colonias,
1932 1067 2140 1118 totam

187 1169 476 1254 denique
533 1172 792 1235 Italiam
857 1168 1209 1254 impressit.
1321 1168 1754 1251 Reliquorum
1793 1165 2142 1264 'factorum

183 1277 350 1362 ejus,
410 1280 487 1344 Ρ.
526 1279 604 1344 C.
640 1279 919 1343 difficilis
948 1293 1048 1346 est
1078 1275 1242 1343 sane
1278 1276 1722 1364 reprehensiO,
1745 1291 1810 1339 et
1840 1275 2089 1340 lubrica
2121 1290 2139 1333 t

182 1406 476 1456 versatus
540 1395 606 1458 in
637 1393 808 1457 bello
871 1408 970 1458 est
1004 1418 1024 1471 3
1071 1392 1390 1458 saturavit
1421 1414 1491 1455 se
1524 1390 1839 1476 sanguine
1865 1390 2127 1455 dissim-

185 1497 546 1569 illimorum
609 1507 710 1568 sui
767 1507 1015 1571 civium
1051 1532 1070 1582 ς
1136 1505 1264 1569 fuit
1295 1504 1476 1583 felix,
1508 1504 1564 1567 si
1596 1517 1810 1588 potest
1839 1503 1972 1569 ulla
2003 1523 2145 1566 esse

201 1607 267 1675 in
290 1581 535 1678 scelere
568 1614 868 1679 felicitas.
961 1616 1117 1695 Sed,
1169 1615 1481 1700 quoniam
1503 1614 1827 1679 veteranis
1882 1629 2145 1678 cautum

180 1742 323 1788 *esse
346 1714 677 1809 volffmuS,
711 1750 1082 1813 quanquam
1115 1728 1453 1792 dissimilis
1479 1742 1577 1791 est
1598 1726 1886 1791 militum
1910 1749 2131 1810 causa,

185 1847 249 1897 et
283 1850 398 1902 tua
436 1862 455 1902 ε
508 1838 604 1902 illi
637 1840 843 1903 secuti
889 1853 1060 1919 sunt,
1092 1852 1165 1902 tu
1200 1838 1515 1921 quaesisti
1558 1839 1797 1903 ducem
1831 1859 1850 1900 t
1898 1852 2142 1920 tamen,

183 1964 269 2008 ne
302 1950 479 2032 apud
546 1950 693 2014 illos
756 1949 963 2013 mein
1026 1950 1347 2014 invidiam
1410 1971 1631 2029 voceS,
1660 1948 1823 2012 nihil
1854 1950 1938 2015 de
1990 1948 2144 2013 belli

189 2078 423 2141 genere
492 2061 732 2126 dicam.
861 2061 1137 2128 ‘Victor
1168 2086 1205 2125 e
1236 2061 1577 2126 Thessalia
1653 2060 2144 2126 ‘Brundusium

190 2185 336 2233 cum
362 2170 734 2257 legionibus
756 2174 1080 2239 revertisti
1110 2198 1128 2238 z
1176 2174 1265 2238 ibi
1289 2197 1393 2238 me
1417 2196 1546 2238 non
1568 2173 1866 2238 occidisti
1892 2199 1911 2249 ς
1958 2193 2141 2260 mag-

128 2296 134 2307 ·
191 2271 344 2346 mim
376 2285 771 2350 beneficium
808 2309 824 2349 ε
875 2287 1169 2372 potuisse
1233 2288 1409 2353 enim
1454 2286 1665 2351 fateor
1699 2314 1717 2363 ;
1766 2308 2141 2371 quanquam

191 2412 380 2461 nemo
416 2414 562 2463 erat
591 2420 849 2479 eorum,
882 2401 995 2483 qui
1028 2414 1168 2464 tum
1202 2416 1444 2481 tecum,
1497 2400 1787 2481 fuerunt,
1833 2400 1946 2484 qui
1979 2396 2141 2465 mihi

182 2519 310 2565 non
343 2507 647 2569 cens‘e‘ret
691 2506 871 2590 parci
918 2513 1218 2591 oport'ere
1256 2534 1275 2581 ;
1321 2522 1502 2571 tanta
1544 2508 1721 2571 enim
1768 2521 1869 2570 est
1899 2507 2139 2574 caritas

170 2615 467 2696 'pati-iae,
497 2632 571 2681 ut
601 2618 837 2681 vestris
902 2617 1099 2681 etiam
1143 2617 1509 2702 legionibus
1573 2629 1830 2680 sanctus
1896 2636 2135 2695 essem,

193 2722 371 2802 quod
401 2744 557 2787 eam
591 2745 629 2788 a
658 2746 763 2787 me
798 2741 1120 2789 servatam
1154 2748 1296 2789 esse
1331 2725 1781 2789 meminissent
1819 2746 1836 2787 t
1885 2723 2142 2788 sed-fae

184 2826 256 2891 id
286 2818 350 2894 te
383 2832 652 2898 dedisse
698 2833 886 2914 mihi,
941 2836 1119 2918 quod
1150 2857 1281 2897 non
1329 2833 1628 2898 ademisti
1669 2859 1688 2909 3
1735 2853 1970 2915 meque
2004 2852 2043 2895 a
2073 2844 2139 2896 te

189 2937 427 3010 habere
460 2945 690 3029 vitam,
716 2947 868 3030 quia
900 2968 938 3011 a
960 2961 1024 3012 te
1069 2970 1199 3011 non
1218 2949 1306 3012 sit
1336 2960 1557 3033 erepta
1583 2969 1602 3009 ε
1649 2945 1945 3011 licuit-ne
1976 2943 2141 3012 mihi

255 3133 303 3204 33
336 3134 508 3192 Musa
614 3137 1010 3189 &ibatur—This
1031 3137 1273 3190 mistress
1310 3137 1375 3196 of
1385 3141 1594 3205 Antony
1611 3151 1720 3189 was
1742 3135 2002 3206 Cytheris,
2022 3138 2143 3190 who

188 3207 296 3248 vas
320 3200 432 3250 also
457 3218 519 3250 ea
540 3202 630 3251 led
651 3203 944 3255 Volumnia.

255 3268 304 3315 4.
342 3269 553 3333 Reice-m
569 3272 906 3326 matera-The
940 3271 1154 3338 unhapp
1217 3273 1426 3325 mother
1460 3274 1524 3324 of
1546 3275 1758 3343 Antony
1796 3288 1905 3326 was
1928 3269 2143 3339 obliged

189 3334 245 3379 to
264 3328 441 3383 follow
460 3335 564 3386 this
583 3344 785 3386 aetress
813 3354 869 3388 as
896 3354 963 3387 an
986 3346 1132 3388 atten
1173 3348 1276 3390 ant.

256 3401 303 3448 5.
347 3399 511 3454 Victor
529 3420 560 3453 ο
583 3404 1179 3462 muana-Pharsalia
1199 3422 1306 3459 was
1328 3407 1381 3458 in
1400 3408 1677 3477 Thessaly.

259 3465 304 3514 6.
343 3468 875 3526 Brunduciwn-Was
911 3487 943 3522 a
983 3481 1101 3537 port
1123 3472 1177 3522 in
1196 3474 1349 3541 Italy,
1371 3474 1424 3525 in
1447 3476 1620 3527 which
1654 3477 1866 3531 Caesar,
1888 3467 2028 3520 aster
2045 3468 2141 3521 the

189 3526 352 3581 battle
389 3534 452 3585 of
487 3535 778 3599 Pharsalia,
802 3538 1066 3590 stationed
1083 3541 1292 3607 Antouy
1308 3552 1366 3593 to
1386 3544 1556 3609 guard
1576 3542 1728 3606 Italy,
1749 3538 1903 3588 while
1925 3536 1995 3586 he
2016 3550 2142 3615 pur-

196 3598 758 3722 ἓιιὲἓέοωρεγμ-εᾼὶ
798 3605 1154 3661 Brundusium
1186 3608 1233 3660 it
1265 3625 1372 3661 was
1411 3610 1465 3662 in
1487 3607 1738 3675 Antony's
1772 3618 1950 3674 powex
1966 3610 2027 3657 to
2042 3600 2154 3658 ω

2134 21 2337 109 “Ἶ
