<?xml version="1.0" encoding="UTF-8"?>
<!DOCTYPE html PUBLIC "-//W3C//DTD XHTML 1.0 Transitional//EN"
    "http://www.w3.org/TR/xhtml1/DTD/xhtml1-transitional.dtd">
<html xmlns="http://www.w3.org/1999/xhtml" xml:lang="en" lang="en">
 <head>
  <title>
</title>
<meta http-equiv="Content-Type" content="text/html;charset=utf-8" />
  <meta name='ocr-system' content='tesseract 3.04.00' />
  <meta name='ocr-capabilities' content='ocr_page ocr_carea ocr_par ocr_line ocrx_word'/>
</head>
<body>
  <div class='ocr_page' id='page_1' title='image "./orationesquaeda03cicegoog/orationesquaeda03cicegoog_0272.png"; bbox 0 0 2382 4110; ppageno 0'>
   <div class='ocr_carea' id='block_1_1' title="bbox 173 40 1622 161">
    <p class='ocr_par' dir='ltr' id='par_1_1' title="bbox 173 40 1622 161">
     <span class='ocr_line' id='line_1_1' title="bbox 173 40 1622 161; baseline -0.006 -10"><span class='ocrx_word' id='word_1_1' title='bbox 173 97 278 161; x_wconf 70' lang='lat'><strong>26³</strong></span> <span class='ocrx_word' id='word_1_2' title='bbox 302 44 349 65; x_wconf 66' lang='lat'><strong>⁶⁸</strong></span> <span class='ocrx_word' id='word_1_3' title='bbox 394 40 445 59; x_wconf 71' lang='lat'><strong>‘³</strong></span> <span class='ocrx_word' id='word_1_4' title='bbox 665 94 927 149; x_wconf 67' lang='lat' dir='ltr'>ORATIO</span> <span class='ocrx_word' id='word_1_5' title='bbox 960 94 1098 146; x_wconf 72' lang='lat' dir='ltr'><strong>Pno</strong></span> <span class='ocrx_word' id='word_1_6' title='bbox 1129 95 1198 144; x_wconf 81' lang='grc' dir='ltr'><strong>Τ.</strong></span> <span class='ocrx_word' id='word_1_7' title='bbox 1234 93 1295 145; x_wconf 77' lang='grc' dir='ltr'><strong>Δ.</strong></span> <span class='ocrx_word' id='word_1_8' title='bbox 1332 93 1622 147; x_wconf 74' lang='lat' dir='ltr'>MILONE.</span> 
     </span>
    </p>
   </div>
   <div class='ocr_carea' id='block_1_2' title="bbox 174 242 2229 2430">
    <p class='ocr_par' dir='ltr' id='par_1_2' title="bbox 174 242 2229 2430">
     <span class='ocr_line' id='line_1_2' title="bbox 242 242 2125 326; baseline -0.001 -17"><span class='ocrx_word' id='word_1_9' title='bbox 242 245 551 310; x_wconf 85' lang='lat' dir='ltr'><strong>·XXXV.</strong></span> <span class='ocrx_word' id='word_1_10' title='bbox 601 243 749 315; x_wconf 79' lang='lat' dir='ltr'><strong>Nec</strong></span> <span class='ocrx_word' id='word_1_11' title='bbox 799 243 962 309; x_wconf 66' lang='lat' dir='ltr'><strong>vero</strong></span> <span class='ocrx_word' id='word_1_12' title='bbox 1023 243 1210 323; x_wconf 84' lang='lat' dir='ltr'><strong>haec,</strong></span> <span class='ocrx_word' id='word_1_13' title='bbox 1267 242 1558 325; x_wconf 66' lang='lat' dir='ltr'><strong>judices,</strong></span> <span class='ocrx_word' id='word_1_14' title='bbox 1613 256 1691 306; x_wconf 88' lang='lat' dir='ltr'><strong>ut</strong></span> <span class='ocrx_word' id='word_1_15' title='bbox 1739 263 1868 326; x_wconf 79' lang='lat' dir='ltr'><strong>ego</strong></span> <span class='ocrx_word' id='word_1_16' title='bbox 1917 257 2125 325; x_wconf 69' lang='lat' dir='ltr'><strong>nune,</strong></span> 
     </span>
     <span class='ocr_line' id='line_1_3' title="bbox 174 355 2128 440; baseline 0.001 -17"><span class='ocrx_word' id='word_1_17' title='bbox 174 359 358 438; x_wconf 86' lang='lat' dir='ltr'><strong>flens,</strong></span> <span class='ocrx_word' id='word_1_18' title='bbox 390 359 506 422; x_wconf 86' lang='lat' dir='ltr'><strong>sed</strong></span> <span class='ocrx_word' id='word_1_19' title='bbox 537 357 659 421; x_wconf 90' lang='lat' dir='ltr'><strong>hoc</strong></span> <span class='ocrx_word' id='word_1_20' title='bbox 692 358 928 425; x_wconf 80' lang='lat' dir='ltr'><strong>eodem</strong></span> <span class='ocrx_word' id='word_1_21' title='bbox 959 357 1253 440; x_wconf 83' lang='lat' dir='ltr'><strong>loquitur</strong></span> <span class='ocrx_word' id='word_1_22' title='bbox 1282 357 1492 436; x_wconf 83' lang='lat' dir='ltr'><strong>vultu,</strong></span> <span class='ocrx_word' id='word_1_23' title='bbox 1517 378 1654 439; x_wconf 81' lang='lat' dir='ltr'><strong>quo</strong></span> <span class='ocrx_word' id='word_1_24' title='bbox 1682 355 1924 422; x_wconf 80' lang='lat' dir='ltr'><strong>videtis</strong></span> <span class='ocrx_word' id='word_1_25' title='bbox 1957 382 1974 420; x_wconf 71' lang='grc' dir='ltr'><strong>ε</strong></span> <span class='ocrx_word' id='word_1_26' title='bbox 2007 381 2128 425; x_wconf 69' lang='lat' dir='ltr'><strong>ne·</strong></span> 
     </span>
     <span class='ocr_line' id='line_1_4' title="bbox 176 465 2127 555; baseline -0.001 -21"><span class='ocrx_word' id='word_1_27' title='bbox 176 484 289 555; x_wconf 80' lang='lat' dir='ltr'><strong>gat</strong></span> <span class='ocrx_word' id='word_1_28' title='bbox 318 467 495 533; x_wconf 83' lang='lat' dir='ltr'><strong>enim</strong></span> <span class='ocrx_word' id='word_1_29' title='bbox 524 489 619 553; x_wconf 77' lang='lat' dir='ltr'><strong>se,</strong></span> <span class='ocrx_word' id='word_1_30' title='bbox 649 483 847 552; x_wconf 85' lang='lat' dir='ltr'><strong>negat</strong></span> <span class='ocrx_word' id='word_1_31' title='bbox 878 467 1148 551; x_wconf 82' lang='lat' dir='ltr'><strong>ingratis</strong></span> <span class='ocrx_word' id='word_1_32' title='bbox 1181 467 1430 531; x_wconf 76' lang='lat' dir='ltr'><strong>civibus</strong></span> <span class='ocrx_word' id='word_1_33' title='bbox 1463 465 1720 545; x_wconf 84' lang='lat' dir='ltr'><strong>fecisse,</strong></span> <span class='ocrx_word' id='word_1_34' title='bbox 1755 489 1925 550; x_wconf 84' lang='lat' dir='ltr'><strong>quae</strong></span> <span class='ocrx_word' id='word_1_35' title='bbox 1949 468 2127 532; x_wconf 82' lang='lat' dir='ltr'><strong>fece·</strong></span> 
     </span>
     <span class='ocr_line' id='line_1_5' title="bbox 176 577 2134 663; baseline -0.002 -20"><span class='ocrx_word' id='word_1_36' title='bbox 176 581 264 645; x_wconf 87' lang='lat' dir='ltr'><strong>rit</strong></span> <span class='ocrx_word' id='word_1_37' title='bbox 310 606 329 655; x_wconf 75' lang='lat'>3</span> <span class='ocrx_word' id='word_1_38' title='bbox 396 579 648 645; x_wconf 88' lang='lat' dir='ltr'><strong>timidis</strong></span> <span class='ocrx_word' id='word_1_39' title='bbox 704 595 772 643; x_wconf 90' lang='lat' dir='ltr'><strong>et</strong></span> <span class='ocrx_word' id='word_1_40' title='bbox 819 579 1049 642; x_wconf 83' lang='lat' dir='ltr'><strong>omnia·</strong></span> <span class='ocrx_word' id='word_1_41' title='bbox 1088 577 1757 663; x_wconf 71' lang='lat' dir='ltr'><strong>circumspicientibus</strong></span> <span class='ocrx_word' id='word_1_42' title='bbox 1809 578 2134 662; x_wconf 69' lang='lat' dir='ltr'><strong>pericula,</strong></span> 
     </span>
     <span class='ocr_line' id='line_1_6' title="bbox 176 686 2134 775; baseline -0.002 -22"><span class='ocrx_word' id='word_1_43' title='bbox 176 710 311 755; x_wconf 84' lang='lat' dir='ltr'><strong>non</strong></span> <span class='ocrx_word' id='word_1_44' title='bbox 339 702 581 775; x_wconf 83' lang='lat' dir='ltr'><strong>negat:</strong></span> <span class='ocrx_word' id='word_1_45' title='bbox 626 688 882 773; x_wconf 86' lang='lat' dir='ltr'><strong>plebem</strong></span> <span class='ocrx_word' id='word_1_46' title='bbox 914 701 981 750; x_wconf 88' lang='lat' dir='ltr'><strong>et</strong></span> <span class='ocrx_word' id='word_1_47' title='bbox 1020 686 1317 751; x_wconf 59' lang='lat' dir='ltr'><strong>hfimam</strong></span> <span class='ocrx_word' id='word_1_48' title='bbox 1368 687 1879 764; x_wconf 80' lang='lat' dir='ltr'><strong>multitudinem,</strong></span> <span class='ocrx_word' id='word_1_49' title='bbox 1933 708 2134 768; x_wconf 86' lang='lat' dir='ltr'><strong>quae,</strong></span> 
     </span>
     <span class='ocr_line' id='line_1_7' title="bbox 181 781 2229 880; baseline -0.002 -15"><span class='ocrx_word' id='word_1_50' title='bbox 181 801 262 865; x_wconf 87' lang='grc' dir='ltr'><strong>Ρ.</strong></span> <span class='ocrx_word' id='word_1_51' title='bbox 335 800 571 865; x_wconf 89' lang='lat' dir='ltr'><strong>Clodio</strong></span> <span class='ocrx_word' id='word_1_52' title='bbox 624 801 813 878; x_wconf 84' lang='lat' dir='ltr'><strong>duce,</strong></span> <span class='ocrx_word' id='word_1_53' title='bbox 863 797 1142 863; x_wconf 83' lang='lat' dir='ltr'><strong>fortunis</strong></span> <span class='ocrx_word' id='word_1_54' title='bbox 1204 799 1441 861; x_wconf 86' lang='lat' dir='ltr'><strong>vestris</strong></span> <span class='ocrx_word' id='word_1_55' title='bbox 1498 798 1900 877; x_wconf 78' lang='lat' dir='ltr'><strong>imminebat,</strong></span> <span class='ocrx_word' id='word_1_56' title='bbox 1953 781 2134 880; x_wconf 34' lang='lat' dir='ltr'><strong>eam?⁹</strong></span> <span class='ocrx_word' id='word_1_57' title='bbox 2219 824 2229 833; x_wconf 88' lang='lat'><strong>·</strong></span> 
     </span>
     <span class='ocr_line' id='line_1_8' title="bbox 183 905 2134 995; baseline -0.002 -20"><span class='ocrx_word' id='word_1_58' title='bbox 183 911 318 995; x_wconf 75' lang='lat' dir='ltr'><strong>quo</strong></span> <span class='ocrx_word' id='word_1_59' title='bbox 351 910 553 974; x_wconf 85' lang='lat' dir='ltr'><strong>tutior</strong></span> <span class='ocrx_word' id='word_1_60' title='bbox 596 921 769 973; x_wconf 85' lang='lat' dir='ltr'><strong>esset</strong></span> <span class='ocrx_word' id='word_1_61' title='bbox 798 907 936 971; x_wconf 89' lang='lat' dir='ltr'><strong>vita</strong></span> <span class='ocrx_word' id='word_1_62' title='bbox 988 921 1233 986; x_wconf 85' lang='lat' dir='ltr'><strong>vestra,</strong></span> <span class='ocrx_word' id='word_1_63' title='bbox 1290 929 1477 970; x_wconf 87' lang='lat' dir='ltr'><strong>suam</strong></span> <span class='ocrx_word' id='word_1_64' title='bbox 1533 929 1602 970; x_wconf 87' lang='lat' dir='ltr'><strong>se</strong></span> <span class='ocrx_word' id='word_1_65' title='bbox 1655 905 1908 983; x_wconf 47' lang='lat' dir='ltr'><strong>fecisse„</strong></span> <span class='ocrx_word' id='word_1_66' title='bbox 1941 929 2134 972; x_wconf 88' lang='lat' dir='ltr'><strong>com-</strong></span> 
     </span>
     <span class='ocr_line' id='line_1_9' title="bbox 180 1002 2136 1099; baseline -0.001 -13"><span class='ocrx_word' id='word_1_67' title='bbox 180 1035 547 1095; x_wconf 77' lang='lat' dir='ltr'><strong>memorat3</strong></span> <span class='ocrx_word' id='word_1_68' title='bbox 601 1035 676 1085; x_wconf 88' lang='lat' dir='ltr'><strong>ut</strong></span> <span class='ocrx_word' id='word_1_69' title='bbox 716 1042 847 1083; x_wconf 91' lang='lat' dir='ltr'><strong>non</strong></span> <span class='ocrx_word' id='word_1_70' title='bbox 888 1018 1092 1087; x_wconf 71' lang='lat' dir='ltr'><strong>modo</strong></span> <span class='ocrx_word' id='word_1_71' title='bbox 1136 1020 1378 1084; x_wconf 87' lang='lat' dir='ltr'><strong>virtute</strong></span> <span class='ocrx_word' id='word_1_72' title='bbox 1423 1020 1733 1099; x_wconf 80' lang='lat' dir='ltr'><strong>flecteret,</strong></span> <span class='ocrx_word' id='word_1_73' title='bbox 1775 1002 1895 1083; x_wconf 70' lang='lat' dir='ltr'><strong>sed</strong></span> <span class='ocrx_word' id='word_1_74' title='bbox 1927 1019 2136 1090; x_wconf 76' lang='lat' dir='ltr'><strong>etiam</strong></span> 
     </span>
     <span class='ocr_line' id='line_1_10' title="bbox 190 1134 2132 1219; baseline 0 -20"><span class='ocrx_word' id='word_1_75' title='bbox 190 1135 432 1200; x_wconf 82' lang='lat' dir='ltr'><strong>³tribus</strong></span> <span class='ocrx_word' id='word_1_76' title='bbox 486 1134 622 1200; x_wconf 84' lang='lat' dir='ltr'><strong>suis</strong></span> <span class='ocrx_word' id='word_1_77' title='bbox 676 1134 1085 1219; x_wconf 82' lang='lat' dir='ltr'><strong>patrimoniis</strong></span> <span class='ocrx_word' id='word_1_78' title='bbox 1145 1135 1450 1198; x_wconf 83' lang='lat' dir='ltr'><strong>deliniret</strong></span> <span class='ocrx_word' id='word_1_79' title='bbox 1494 1157 1511 1197; x_wconf 73' lang='lat' dir='ltr'><em>z</em></span> <span class='ocrx_word' id='word_1_80' title='bbox 1578 1156 1698 1199; x_wconf 89' lang='lat' dir='ltr'><strong>nec</strong></span> <span class='ocrx_word' id='word_1_81' title='bbox 1760 1135 1971 1215; x_wconf 84' lang='lat' dir='ltr'><strong>timet,</strong></span> <span class='ocrx_word' id='word_1_82' title='bbox 2019 1158 2132 1216; x_wconf 84' lang='lat' dir='ltr'><strong>ne,</strong></span> 
     </span>
     <span class='ocr_line' id='line_1_11' title="bbox 182 1244 2136 1330; baseline -0.001 -17"><span class='ocrx_word' id='word_1_83' title='bbox 182 1267 337 1315; x_wconf 83' lang='lat' dir='ltr'><strong>oum</strong></span> <span class='ocrx_word' id='word_1_84' title='bbox 365 1246 623 1330; x_wconf 82' lang='lat' dir='ltr'><strong>plebem</strong></span> <span class='ocrx_word' id='word_1_85' title='bbox 674 1246 1055 1311; x_wconf 83' lang='lat' dir='ltr'><strong>muneribus</strong></span> <span class='ocrx_word' id='word_1_86' title='bbox 1094 1244 1384 1328; x_wconf 64' lang='lat' dir='ltr'><strong>placarit,</strong></span> <span class='ocrx_word' id='word_1_87' title='bbox 1409 1266 1542 1309; x_wconf 84' lang='lat' dir='ltr'><strong>-vos</strong></span> <span class='ocrx_word' id='word_1_88' title='bbox 1590 1266 1724 1311; x_wconf 82' lang='lat' dir='ltr'><strong>non</strong></span> <span class='ocrx_word' id='word_1_89' title='bbox 1773 1245 2136 1312; x_wconf 62' lang='lat' dir='ltr'><strong>conciliarit</strong></span> 
     </span>
     <span class='ocr_line' id='line_1_12' title="bbox 180 1353 2133 1439; baseline -0.001 -16"><span class='ocrx_word' id='word_1_90' title='bbox 180 1355 432 1423; x_wconf 82' lang='lat' dir='ltr'><strong>meritis</strong></span> <span class='ocrx_word' id='word_1_91' title='bbox 454 1355 520 1417; x_wconf 89' lang='lat' dir='ltr'><strong>in</strong></span> <span class='ocrx_word' id='word_1_92' title='bbox 543 1354 1010 1439; x_wconf 78' lang='lat' dir='ltr'><strong>rempublicam</strong></span> <span class='ocrx_word' id='word_1_93' title='bbox 1031 1353 1494 1438; x_wconf 74' lang='lat' dir='ltr'><strong>singularibus.</strong></span> <span class='ocrx_word' id='word_1_94' title='bbox 1581 1355 1858 1418; x_wconf 71' lang='lat' dir='ltr'><strong>Senatus</strong></span> <span class='ocrx_word' id='word_1_95' title='bbox 1870 1376 2025 1438; x_wconf 79' lang='lat' dir='ltr'><strong>erg-a</strong></span> <span class='ocrx_word' id='word_1_96' title='bbox 2051 1377 2133 1421; x_wconf 79' lang='lat' dir='ltr'><strong>se</strong></span> 
     </span>
     <span class='ocr_line' id='line_1_13' title="bbox 181 1462 2132 1549; baseline 0 -21"><span class='ocrx_word' id='word_1_97' title='bbox 181 1463 701 1530; x_wconf 83' lang='lat' dir='ltr'><strong>benevolentiam</strong></span> <span class='ocrx_word' id='word_1_98' title='bbox 732 1462 1135 1547; x_wconf 77' lang='lat' dir='ltr'><strong>temporibus</strong></span> <span class='ocrx_word' id='word_1_99' title='bbox 1186 1463 1289 1527; x_wconf 87' lang='lat' dir='ltr'><strong>his</strong></span> <span class='ocrx_word' id='word_1_100' title='bbox 1346 1464 1508 1549; x_wconf 71' lang='lat' dir='ltr'><strong>ipsis</strong></span> <span class='ocrx_word' id='word_1_101' title='bbox 1560 1462 1758 1549; x_wconf 72' lang='lat' dir='ltr'><strong>saepe</strong></span> <span class='ocrx_word' id='word_1_102' title='bbox 1795 1485 1928 1528; x_wconf 79' lang='lat' dir='ltr'><strong>esse</strong></span> <span class='ocrx_word' id='word_1_103' title='bbox 1967 1485 2132 1549; x_wconf 73' lang='lat' dir='ltr'><strong>per·-</strong></span> 
     </span>
     <span class='ocr_line' id='line_1_14' title="bbox 183 1574 2136 1660; baseline 0.001 -19"><span class='ocrx_word' id='word_1_104' title='bbox 183 1588 474 1660; x_wconf 79' lang='lat' dir='ltr'><strong>spectam</strong></span> <span class='ocrx_word' id='word_1_105' title='bbox 500 1600 518 1650; x_wconf 88' lang='lat'>;</span> <span class='ocrx_word' id='word_1_106' title='bbox 565 1588 813 1641; x_wconf 86' lang='lat' dir='ltr'><strong>vestras</strong></span> <span class='ocrx_word' id='word_1_107' title='bbox 847 1574 1033 1654; x_wconf 73' lang='lat' dir='ltr'><strong>vero,</strong></span> <span class='ocrx_word' id='word_1_108' title='bbox 1065 1589 1132 1639; x_wconf 88' lang='lat' dir='ltr'><strong>et</strong></span> <span class='ocrx_word' id='word_1_109' title='bbox 1167 1590 1541 1640; x_wconf 81' lang='lat' dir='ltr'><strong>vestrorum</strong></span> <span class='ocrx_word' id='word_1_110' title='bbox 1572 1578 1875 1644; x_wconf 85' lang='lat' dir='ltr'><strong>ordinum</strong></span> <span class='ocrx_word' id='word_1_111' title='bbox 1897 1598 2136 1643; x_wconf 83' lang='lat' dir='ltr'><strong>oecur-</strong></span> 
     </span>
     <span class='ocr_line' id='line_1_15' title="bbox 188 1686 2135 1772; baseline 0.002 -22"><span class='ocrx_word' id='word_1_112' title='bbox 188 1686 494 1767; x_wconf 87' lang='lat' dir='ltr'><strong>sationes,</strong></span> <span class='ocrx_word' id='word_1_113' title='bbox 528 1687 765 1768; x_wconf 81' lang='lat' dir='ltr'><strong>studia,</strong></span> <span class='ocrx_word' id='word_1_114' title='bbox 797 1708 1152 1768; x_wconf 81' lang='lat' dir='ltr'><strong>sermones,</strong></span> <span class='ocrx_word' id='word_1_115' title='bbox 1184 1708 1639 1772; x_wconf 84' lang='lat' dir='ltr'><strong>quemcunque</strong></span> <span class='ocrx_word' id='word_1_116' title='bbox 1681 1711 1942 1753; x_wconf 85' lang='lat' dir='ltr'><strong>cursum</strong></span> <span class='ocrx_word' id='word_1_117' title='bbox 1991 1687 2135 1753; x_wconf 77' lang='lat' dir='ltr'><strong>for-</strong></span> 
     </span>
     <span class='ocr_line' id='line_1_16' title="bbox 191 1799 2139 1880; baseline 0.001 -15"><span class='ocrx_word' id='word_1_118' title='bbox 191 1815 351 1865; x_wconf 86' lang='lat' dir='ltr'><strong>tuna</strong></span> <span class='ocrx_word' id='word_1_119' title='bbox 382 1799 660 1880; x_wconf 89' lang='lat' dir='ltr'><strong>dederit,</strong></span> <span class='ocrx_word' id='word_1_120' title='bbox 693 1820 916 1865; x_wconf 86' lang='lat' dir='ltr'><strong>secum</strong></span> <span class='ocrx_word' id='word_1_121' title='bbox 949 1821 1017 1865; x_wconf 87' lang='lat' dir='ltr'><strong>se</strong></span> <span class='ocrx_word' id='word_1_122' title='bbox 1051 1799 1420 1865; x_wconf 72' lang='lat' dir='ltr'><strong>ablaturum</strong></span> <span class='ocrx_word' id='word_1_123' title='bbox 1439 1823 1580 1865; x_wconf 80' lang='lat' dir='ltr'><strong>esse</strong></span> <span class='ocrx_word' id='word_1_124' title='bbox 1611 1801 1800 1866; x_wconf 78' lang='lat' dir='ltr'><strong>dicit.</strong></span> <span class='ocrx_word' id='word_1_125' title='bbox 1911 1802 2139 1866; x_wconf 87' lang='lat' dir='ltr'><strong>Mem·</strong></span> 
     </span>
     <span class='ocr_line' id='line_1_17' title="bbox 193 1911 2146 1996; baseline 0.001 -21"><span class='ocrx_word' id='word_1_126' title='bbox 193 1911 315 1976; x_wconf 89' lang='lat' dir='ltr'><strong>init</strong></span> <span class='ocrx_word' id='word_1_127' title='bbox 378 1912 575 1991; x_wconf 79' lang='lat' dir='ltr'><strong>etiam</strong></span> <span class='ocrx_word' id='word_1_128' title='bbox 648 1911 775 1974; x_wconf 91' lang='lat' dir='ltr'><strong>sibi</strong></span> <span class='ocrx_word' id='word_1_129' title='bbox 834 1914 1103 1976; x_wconf 80' lang='lat' dir='ltr'><strong>⁴vocem</strong></span> <span class='ocrx_word' id='word_1_130' title='bbox 1157 1912 1495 1996; x_wconf 80' lang='lat' dir='ltr'><strong>praeconis</strong></span> <span class='ocrx_word' id='word_1_131' title='bbox 1552 1913 1753 1977; x_wconf 74' lang='lat' dir='ltr'><strong>modo</strong></span> <span class='ocrx_word' id='word_1_132' title='bbox 1822 1911 2146 1995; x_wconf 81' lang='lat' dir='ltr'><strong>defuisse,</strong></span> 
     </span>
     <span class='ocr_line' id='line_1_18' title="bbox 194 2017 2142 2106; baseline 0 -21"><span class='ocrx_word' id='word_1_133' title='bbox 194 2040 392 2105; x_wconf 89' lang='lat' dir='ltr'><strong>quam</strong></span> <span class='ocrx_word' id='word_1_134' title='bbox 425 2017 695 2086; x_wconf 68' lang='lat' dir='ltr'><strong>minime</strong></span> <span class='ocrx_word' id='word_1_135' title='bbox 730 2018 1115 2088; x_wconf 67' lang='lat' dir='ltr'><strong>desiderarit</strong></span> <span class='ocrx_word' id='word_1_136' title='bbox 1137 2046 1156 2098; x_wconf 78' lang='lat'>3</span> <span class='ocrx_word' id='word_1_137' title='bbox 1179 2019 1404 2106; x_wconf 89' lang='lat' dir='ltr'><strong>populi</strong></span> <span class='ocrx_word' id='word_1_138' title='bbox 1437 2020 1595 2086; x_wconf 75' lang='lat' dir='ltr'><strong>vero</strong></span> <span class='ocrx_word' id='word_1_139' title='bbox 1617 2020 1871 2085; x_wconf 78' lang='lat' dir='ltr'><strong>&#39;cunctis</strong></span> <span class='ocrx_word' id='word_1_140' title='bbox 1903 2019 2142 2085; x_wconf 85' lang='lat' dir='ltr'><strong>suffra·</strong></span> 
     </span>
     <span class='ocr_line' id='line_1_19' title="bbox 192 2125 2146 2214; baseline 0.004 -26"><span class='ocrx_word' id='word_1_141' title='bbox 192 2128 344 2214; x_wconf 76' lang='lat' dir='ltr'><strong>giis,</strong></span> <span class='ocrx_word' id='word_1_142' title='bbox 397 2130 574 2209; x_wconf 90' lang='lat' dir='ltr'><strong>quod</strong></span> <span class='ocrx_word' id='word_1_143' title='bbox 618 2150 819 2192; x_wconf 90' lang='lat' dir='ltr'><strong>unum</strong></span> <span class='ocrx_word' id='word_1_144' title='bbox 855 2129 1158 2214; x_wconf 83' lang='lat' dir='ltr'><strong>cupierit,</strong></span> <span class='ocrx_word' id='word_1_145' title='bbox 1210 2150 1281 2192; x_wconf 88' lang='lat' dir='ltr'><strong>se</strong></span> <span class='ocrx_word' id='word_1_146' title='bbox 1313 2129 1646 2193; x_wconf 89' lang='lat' dir='ltr'><strong>consulem</strong></span> <span class='ocrx_word' id='word_1_147' title='bbox 1677 2125 2086 2194; x_wconf 80' lang='lat' dir='ltr'><strong>declaratum</strong></span> <span class='ocrx_word' id='word_1_148' title='bbox 2123 2155 2146 2206; x_wconf 77' lang='lat'><em>3</em></span> 
     </span>
     <span class='ocr_line' id='line_1_20' title="bbox 193 2239 2147 2325; baseline 0.002 -21"><span class='ocrx_word' id='word_1_149' title='bbox 193 2261 365 2304; x_wconf 87' lang='lat' dir='ltr'><strong>nunc</strong></span> <span class='ocrx_word' id='word_1_150' title='bbox 397 2239 702 2320; x_wconf 89' lang='lat' dir='ltr'><strong>denique,</strong></span> <span class='ocrx_word' id='word_1_151' title='bbox 735 2239 789 2301; x_wconf 90' lang='lat' dir='ltr'><strong>si</strong></span> <span class='ocrx_word' id='word_1_152' title='bbox 824 2239 982 2304; x_wconf 87' lang='lat' dir='ltr'><strong>haec</strong></span> <span class='ocrx_word' id='word_1_153' title='bbox 1018 2261 1199 2304; x_wconf 89' lang='lat' dir='ltr'><strong>arma</strong></span> <span class='ocrx_word' id='word_1_154' title='bbox 1231 2247 1458 2304; x_wconf 78' lang='lat' dir='ltr'><strong>contra</strong></span> <span class='ocrx_word' id='word_1_155' title='bbox 1485 2262 1555 2305; x_wconf 89' lang='lat' dir='ltr'><strong>se</strong></span> <span class='ocrx_word' id='word_1_156' title='bbox 1584 2242 1714 2305; x_wconf 89' lang='lat' dir='ltr'><strong>sint</strong></span> <span class='ocrx_word' id='word_1_157' title='bbox 1732 2241 2147 2325; x_wconf 84' lang='lat' dir='ltr'><strong>futura‚‘sibi</strong></span> 
     </span>
     <span class='ocr_line' id='line_1_21' title="bbox 191 2346 2143 2430; baseline 0.005 -22"><span class='ocrx_word' id='word_1_158' title='bbox 191 2346 498 2410; x_wconf 83' lang='lat' dir='ltr'><strong>facinoris</strong></span> <span class='ocrx_word' id='word_1_159' title='bbox 532 2346 990 2430; x_wconf 85' lang='lat' dir='ltr'><strong>suspicionem,</strong></span> <span class='ocrx_word' id='word_1_160' title='bbox 1020 2371 1149 2412; x_wconf 90' lang='lat' dir='ltr'><strong>non</strong></span> <span class='ocrx_word' id='word_1_161' title='bbox 1175 2348 1331 2412; x_wconf 84' lang='lat' dir='ltr'><strong>facti</strong></span> <span class='ocrx_word' id='word_1_162' title='bbox 1356 2351 1600 2416; x_wconf 86' lang='lat' dir='ltr'><strong>crimen</strong></span> <span class='ocrx_word' id='word_1_163' title='bbox 1625 2351 1905 2415; x_wconf 85' lang='lat' dir='ltr'><strong>obstare.</strong></span> <span class='ocrx_word' id='word_1_164' title='bbox 1987 2353 2143 2417; x_wconf 84' lang='lat' dir='ltr'><strong>Ad-</strong></span> 
     </span>
    </p>
   </div>
   <div class='ocr_carea' id='block_1_3' title="bbox 197 2447 2147 2662">
    <p class='ocr_par' dir='ltr' id='par_1_3' title="bbox 197 2447 2147 2662">
     <span class='ocr_line' id='line_1_22' title="bbox 197 2447 2147 2540; baseline 0.005 -22"><span class='ocrx_word' id='word_1_165' title='bbox 197 2447 296 2518; x_wconf 78' lang='lat' dir='ltr'><strong>dit</strong></span> <span class='ocrx_word' id='word_1_166' title='bbox 326 2455 509 2533; x_wconf 90' lang='lat' dir='ltr'><strong>haec,</strong></span> <span class='ocrx_word' id='word_1_167' title='bbox 557 2475 728 2537; x_wconf 86' lang='lat' dir='ltr'><strong>quae</strong></span> <span class='ocrx_word' id='word_1_168' title='bbox 774 2455 949 2519; x_wconf 72' lang='lat' dir='ltr'><strong>certe</strong></span> <span class='ocrx_word' id='word_1_169' title='bbox 998 2469 1361 2540; x_wconf 82' lang='lat' dir='ltr'><strong>vera&#39;sunt,</strong></span> <span class='ocrx_word' id='word_1_170' title='bbox 1419 2460 1475 2522; x_wconf 92' lang='lat' dir='ltr'>F</span> <span class='ocrx_word' id='word_1_171' title='bbox 1481 2460 1790 2525; x_wconf 87' lang='lat' dir='ltr'>ORTES</span> <span class='ocrx_word' id='word_1_172' title='bbox 1826 2462 1957 2526; x_wconf 93' lang='lat' dir='ltr'><strong>ET</strong></span> <span class='ocrx_word' id='word_1_173' title='bbox 1987 2464 2147 2528; x_wconf 84' lang='lat' dir='ltr'><strong>SA-</strong></span> 
     </span>
     <span class='ocr_line' id='line_1_23' title="bbox 200 2565 2147 2662; baseline 0.006 -33"><span class='ocrx_word' id='word_1_174' title='bbox 200 2565 618 2629; x_wconf 86' lang='lat' dir='ltr'><strong>PIENTES</strong></span> <span class='ocrx_word' id='word_1_175' title='bbox 654 2565 942 2662; x_wconf 67' lang='lat' dir='ltr'><strong>VIROS</strong></span> <span class='ocrx_word' id='word_1_176' title='bbox 993 2591 1123 2631; x_wconf 89' lang='lat' dir='ltr'><strong>non</strong></span> <span class='ocrx_word' id='word_1_177' title='bbox 1171 2584 1308 2632; x_wconf 91' lang='lat' dir='ltr'><strong>tam</strong></span> <span class='ocrx_word' id='word_1_178' title='bbox 1361 2572 1652 2656; x_wconf 86' lang='lat' dir='ltr'><strong>praemia</strong></span> <span class='ocrx_word' id='word_1_179' title='bbox 1694 2574 1881 2657; x_wconf 83' lang='lat' dir='ltr'><strong>sequi</strong></span> <span class='ocrx_word' id='word_1_180' title='bbox 1931 2576 2147 2641; x_wconf 83' lang='lat' dir='ltr'><strong>solere</strong></span> 
     </span>
    </p>
   </div>
   <div class='ocr_carea' id='block_1_4' title="bbox 199 2672 2148 2992">
    <p class='ocr_par' dir='ltr' id='par_1_4' title="bbox 199 2672 2148 2992">
     <span class='ocr_line' id='line_1_24' title="bbox 199 2672 2146 2762; baseline 0.004 -22"><span class='ocrx_word' id='word_1_181' title='bbox 199 2672 377 2740; x_wconf 68' lang='lat' dir='ltr'><strong>recte</strong></span> <span class='ocrx_word' id='word_1_182' title='bbox 414 2674 758 2756; x_wconf 83' lang='lat' dir='ltr'><strong>factorum,</strong></span> <span class='ocrx_word' id='word_1_183' title='bbox 791 2673 984 2761; x_wconf 67' lang='lat' dir='ltr'><strong>quam</strong></span> <span class='ocrx_word' id='word_1_184' title='bbox 1020 2677 1159 2762; x_wconf 84' lang='lat' dir='ltr'><strong>ipsa</strong></span> <span class='ocrx_word' id='word_1_185' title='bbox 1190 2676 1371 2742; x_wconf 70' lang='lat' dir='ltr'><strong>recte</strong></span> <span class='ocrx_word' id='word_1_186' title='bbox 1405 2679 1621 2744; x_wconf 70' lang='lat' dir='ltr'><strong>factat</strong></span> <span class='ocrx_word' id='word_1_187' title='bbox 1657 2703 1724 2744; x_wconf 87' lang='lat' dir='ltr'><strong>se</strong></span> <span class='ocrx_word' id='word_1_188' title='bbox 1756 2682 1921 2746; x_wconf 85' lang='lat' dir='ltr'><strong>nihil</strong></span> <span class='ocrx_word' id='word_1_189' title='bbox 1957 2685 2026 2749; x_wconf 90' lang='lat' dir='ltr'><strong>in</strong></span> <span class='ocrx_word' id='word_1_190' title='bbox 2049 2686 2146 2751; x_wconf 78' lang='lat' dir='ltr'><strong>vi·</strong></span> 
     </span>
     <span class='ocr_line' id='line_1_25' title="bbox 202 2788 2148 2879; baseline 0.005 -25"><span class='ocrx_word' id='word_1_191' title='bbox 202 2793 287 2870; x_wconf 67' lang='lat' dir='ltr'><strong>ta,</strong></span> <span class='ocrx_word' id='word_1_192' title='bbox 338 2790 463 2852; x_wconf 90' lang='lat' dir='ltr'><strong>nisi</strong></span> <span class='ocrx_word' id='word_1_193' title='bbox 515 2788 1056 2875; x_wconf 66' lang='lat' dir='ltr'><strong>praeclarissime,</strong></span> <span class='ocrx_word' id='word_1_194' title='bbox 1115 2789 1392 2855; x_wconf 83' lang='lat' dir='ltr'><strong>fecisse:</strong></span> <span class='ocrx_word' id='word_1_195' title='bbox 1452 2794 1778 2879; x_wconf 89' lang='lat' dir='ltr'><strong>siquidem</strong></span> <span class='ocrx_word' id='word_1_196' title='bbox 1829 2797 1994 2861; x_wconf 83' lang='lat' dir='ltr'><strong>nihil</strong></span> <span class='ocrx_word' id='word_1_197' title='bbox 2061 2800 2148 2865; x_wconf 87' lang='lat' dir='ltr'><strong>sit</strong></span> 
     </span>
     <span class='ocr_line' id='line_1_26' title="bbox 202 2899 2148 2992; baseline 0.006 -29"><span class='ocrx_word' id='word_1_198' title='bbox 202 2901 656 2986; x_wconf 87' lang='lat' dir='ltr'><strong>praestabilius</strong></span> <span class='ocrx_word' id='word_1_199' title='bbox 687 2902 856 2984; x_wconf 87' lang='lat' dir='ltr'><strong>viro,</strong></span> <span class='ocrx_word' id='word_1_200' title='bbox 906 2899 1101 2986; x_wconf 71' lang='lat' dir='ltr'><strong>quam</strong></span> <span class='ocrx_word' id='word_1_201' title='bbox 1148 2903 1455 2988; x_wconf 87' lang='lat' dir='ltr'><strong>periculis</strong></span> <span class='ocrx_word' id='word_1_202' title='bbox 1503 2907 1782 2992; x_wconf 84' lang='lat' dir='ltr'><strong>patriam</strong></span> <span class='ocrx_word' id='word_1_203' title='bbox 1811 2909 2090 2976; x_wconf 85' lang='lat' dir='ltr'><strong>liberare</strong></span> <span class='ocrx_word' id='word_1_204' title='bbox 2125 2934 2148 2974; x_wconf 88' lang='lat'>=</span> 
     </span>
    </p>
   </div>
   <div class='ocr_carea' id='block_1_5' title="bbox 204 3073 2165 3541">
    <p class='ocr_par' dir='ltr' id='par_1_5' title="bbox 204 3073 2165 3541">
     <span class='ocr_line' id='line_1_27' title="bbox 271 3073 2160 3140; baseline 0.007 -18"><span class='ocrx_word' id='word_1_205' title='bbox 271 3073 324 3122; x_wconf 83' lang='lat'><strong>3.</strong></span> <span class='ocrx_word' id='word_1_206' title='bbox 360 3074 541 3123; x_wconf 67' lang='lat' dir='ltr'><strong>Tribus</strong></span> <span class='ocrx_word' id='word_1_207' title='bbox 563 3078 664 3124; x_wconf 67' lang='lat' dir='ltr'><strong>euin</strong></span> <span class='ocrx_word' id='word_1_208' title='bbox 674 3075 1174 3139; x_wconf 60' lang='lat' dir='ltr'><strong>patrimoniis—Milo</strong></span> <span class='ocrx_word' id='word_1_209' title='bbox 1205 3077 1309 3128; x_wconf 82' lang='lat' dir='ltr'><strong>had</strong></span> <span class='ocrx_word' id='word_1_210' title='bbox 1336 3078 1487 3131; x_wconf 83' lang='lat' dir='ltr'><strong>three</strong></span> <span class='ocrx_word' id='word_1_211' title='bbox 1512 3089 1707 3132; x_wconf 75' lang='lat' dir='ltr'><strong>estates</strong></span> <span class='ocrx_word' id='word_1_212' title='bbox 1730 3103 1743 3140; x_wconf 74' lang='grc' dir='ltr'>ς</span> <span class='ocrx_word' id='word_1_213' title='bbox 1779 3098 1878 3133; x_wconf 91' lang='lat' dir='ltr'><strong>one</strong></span> <span class='ocrx_word' id='word_1_214' title='bbox 1903 3083 2006 3135; x_wconf 80' lang='lat' dir='ltr'><strong>lest</strong></span> <span class='ocrx_word' id='word_1_215' title='bbox 2039 3084 2160 3140; x_wconf 74' lang='lat' dir='ltr'><strong>him</strong></span> 
     </span>
     <span class='ocr_line' id='line_1_28' title="bbox 204 3138 2161 3214; baseline 0.009 -28"><span class='ocrx_word' id='word_1_216' title='bbox 204 3138 276 3205; x_wconf 83' lang='lat' dir='ltr'><strong>by</strong></span> <span class='ocrx_word' id='word_1_217' title='bbox 299 3138 379 3187; x_wconf 87' lang='lat' dir='ltr'><strong>his</strong></span> <span class='ocrx_word' id='word_1_218' title='bbox 401 3138 594 3201; x_wconf 80' lang='lat' dir='ltr'><strong>father,</strong></span> <span class='ocrx_word' id='word_1_219' title='bbox 632 3156 729 3190; x_wconf 88' lang='lat' dir='ltr'><strong>one</strong></span> <span class='ocrx_word' id='word_1_220' title='bbox 766 3141 834 3206; x_wconf 85' lang='lat' dir='ltr'><strong>by</strong></span> <span class='ocrx_word' id='word_1_221' title='bbox 861 3142 942 3191; x_wconf 87' lang='lat' dir='ltr'><strong>his</strong></span> <span class='ocrx_word' id='word_1_222' title='bbox 964 3145 1187 3205; x_wconf 82' lang='lat' dir='ltr'><strong>mother,</strong></span> <span class='ocrx_word' id='word_1_223' title='bbox 1224 3146 1316 3195; x_wconf 87' lang='lat' dir='ltr'><strong>the</strong></span> <span class='ocrx_word' id='word_1_224' title='bbox 1350 3147 1495 3197; x_wconf 84' lang='lat' dir='ltr'><strong>third</strong></span> <span class='ocrx_word' id='word_1_225' title='bbox 1532 3148 1600 3214; x_wconf 81' lang='lat' dir='ltr'><strong>by</strong></span> <span class='ocrx_word' id='word_1_226' title='bbox 1634 3151 1790 3199; x_wconf 87' lang='lat' dir='ltr'><strong>Caius</strong></span> <span class='ocrx_word' id='word_1_227' title='bbox 1815 3152 2038 3214; x_wconf 84' lang='lat' dir='ltr'><strong>Annius,</strong></span> <span class='ocrx_word' id='word_1_228' title='bbox 2072 3153 2161 3204; x_wconf 69' lang='lat' dir='ltr'><strong>hin</strong></span> 
     </span>
     <span class='ocr_line' id='line_1_29' title="bbox 207 3202 2161 3286; baseline 0.01 -33"><span class='ocrx_word' id='word_1_229' title='bbox 207 3202 568 3271; x_wconf 76' lang='lat' dir='ltr'><strong>grandfather,</strong></span> <span class='ocrx_word' id='word_1_230' title='bbox 592 3208 660 3273; x_wconf 89' lang='lat' dir='ltr'><strong>by</strong></span> <span class='ocrx_word' id='word_1_231' title='bbox 680 3209 848 3258; x_wconf 83' lang='lat' dir='ltr'><strong>whom</strong></span> <span class='ocrx_word' id='word_1_232' title='bbox 872 3208 939 3257; x_wconf 88' lang='lat' dir='ltr'><strong>he</strong></span> <span class='ocrx_word' id='word_1_233' title='bbox 964 3224 1073 3260; x_wconf 81' lang='lat' dir='ltr'><strong>was</strong></span> <span class='ocrx_word' id='word_1_234' title='bbox 1097 3212 1198 3263; x_wconf 85' lang='lat' dir='ltr'><strong>ado</strong></span> <span class='ocrx_word' id='word_1_235' title='bbox 1234 3213 1340 3262; x_wconf 81' lang='lat' dir='ltr'><strong>ted.</strong></span> <span class='ocrx_word' id='word_1_236' title='bbox 1409 3216 1496 3264; x_wconf 86' lang='lat' dir='ltr'><strong>All</strong></span> <span class='ocrx_word' id='word_1_237' title='bbox 1515 3216 1665 3265; x_wconf 80' lang='lat' dir='ltr'><strong>three</strong></span> <span class='ocrx_word' id='word_1_238' title='bbox 1688 3216 1756 3266; x_wconf 85' lang='lat' dir='ltr'><strong>he</strong></span> <span class='ocrx_word' id='word_1_239' title='bbox 1772 3227 1926 3282; x_wconf 82' lang='lat' dir='ltr'><strong>spent</strong></span> <span class='ocrx_word' id='word_1_240' title='bbox 1949 3220 2001 3269; x_wconf 85' lang='lat' dir='ltr'><strong>&#39;m</strong></span> <span class='ocrx_word' id='word_1_241' title='bbox 2027 3218 2161 3286; x_wconf 73' lang='lat' dir='ltr'><strong>gift·</strong></span> 
     </span>
     <span class='ocr_line' id='line_1_30' title="bbox 206 3228 2164 3352; baseline 0.008 -29"><span class='ocrx_word' id='word_1_242' title='bbox 206 3272 376 3352; x_wconf 31' lang='lat' dir='ltr'><strong>toothe</strong></span> <span class='ocrx_word' id='word_1_243' title='bbox 396 3273 602 3339; x_wconf 82' lang='lat' dir='ltr'><strong>people,</strong></span> <span class='ocrx_word' id='word_1_244' title='bbox 617 3274 720 3324; x_wconf 83' lang='lat' dir='ltr'><strong>and</strong></span> <span class='ocrx_word' id='word_1_245' title='bbox 741 3275 956 3340; x_wconf 87' lang='lat' dir='ltr'><strong>publick</strong></span> <span class='ocrx_word' id='word_1_246' title='bbox 976 3287 1168 3342; x_wconf 85' lang='lat' dir='ltr'><strong>sports,</strong></span> <span class='ocrx_word' id='word_1_247' title='bbox 1193 3228 1276 3330; x_wconf 59' lang='lat' dir='ltr'><strong>En·</strong></span> <span class='ocrx_word' id='word_1_248' title='bbox 1312 3280 1482 3332; x_wconf 84' lang='lat' dir='ltr'><strong>which</strong></span> <span class='ocrx_word' id='word_1_249' title='bbox 1524 3284 1592 3332; x_wconf 87' lang='lat' dir='ltr'><strong>he</strong></span> <span class='ocrx_word' id='word_1_250' title='bbox 1627 3299 1734 3333; x_wconf 84' lang='lat' dir='ltr'><strong>was</strong></span> <span class='ocrx_word' id='word_1_251' title='bbox 1757 3286 1996 3352; x_wconf 83' lang='lat' dir='ltr'><strong>charged</strong></span> <span class='ocrx_word' id='word_1_252' title='bbox 2030 3289 2164 3339; x_wconf 79' lang='lat' dir='ltr'><strong>with</strong></span> 
     </span>
     <span class='ocr_line' id='line_1_31' title="bbox 208 3341 2164 3420; baseline 0.007 -28"><span class='ocrx_word' id='word_1_253' title='bbox 208 3341 436 3405; x_wconf 75' lang='lat' dir='ltr'><strong>bribery‚</strong></span> <span class='ocrx_word' id='word_1_254' title='bbox 460 3341 562 3390; x_wconf 85' lang='lat' dir='ltr'><strong>and</strong></span> <span class='ocrx_word' id='word_1_255' title='bbox 585 3342 912 3393; x_wconf 83' lang='lat' dir='ltr'><strong>condemned</strong></span> <span class='ocrx_word' id='word_1_256' title='bbox 936 3345 1083 3395; x_wconf 84' lang='lat' dir='ltr'><strong>when</strong></span> <span class='ocrx_word' id='word_1_257' title='bbox 1105 3346 1303 3396; x_wconf 81' lang='lat' dir='ltr'><strong>absent.</strong></span> <span class='ocrx_word' id='word_1_258' title='bbox 1370 3348 1555 3400; x_wconf 82' lang='lat' dir='ltr'><strong>Cicero</strong></span> <span class='ocrx_word' id='word_1_259' title='bbox 1571 3352 1873 3417; x_wconf 82' lang='lat' dir='ltr'><strong>says,these</strong></span> <span class='ocrx_word' id='word_1_260' title='bbox 1886 3354 2164 3420; x_wconf 72' lang='lat' dir='ltr'><strong>lnrgesses</strong></span> 
     </span>
     <span class='ocr_line' id='line_1_32' title="bbox 208 3408 2165 3486; baseline 0.009 -30"><span class='ocrx_word' id='word_1_261' title='bbox 208 3423 349 3457; x_wconf 82' lang='lat' dir='ltr'><strong>were</strong></span> <span class='ocrx_word' id='word_1_262' title='bbox 369 3408 637 3459; x_wconf 75' lang='lat' dir='ltr'><strong>bestowed</strong></span> <span class='ocrx_word' id='word_1_263' title='bbox 658 3425 793 3474; x_wconf 83' lang='lat' dir='ltr'><strong>upon</strong></span> <span class='ocrx_word' id='word_1_264' title='bbox 811 3410 902 3460; x_wconf 85' lang='lat' dir='ltr'><strong>the</strong></span> <span class='ocrx_word' id='word_1_265' title='bbox 923 3413 1109 3477; x_wconf 88' lang='lat' dir='ltr'><strong>people</strong></span> <span class='ocrx_word' id='word_1_266' title='bbox 1133 3414 1261 3464; x_wconf 83' lang='lat' dir='ltr'><strong>with</strong></span> <span class='ocrx_word' id='word_1_267' title='bbox 1281 3430 1348 3464; x_wconf 90' lang='lat' dir='ltr'><strong>no</strong></span> <span class='ocrx_word' id='word_1_268' title='bbox 1367 3416 1518 3466; x_wconf 79' lang='lat' dir='ltr'><strong>other</strong></span> <span class='ocrx_word' id='word_1_269' title='bbox 1537 3417 1744 3486; x_wconf 76' lang='lat' dir='ltr'><strong>desig-n,</strong></span> <span class='ocrx_word' id='word_1_270' title='bbox 1779 3420 1877 3472; x_wconf 78' lang='lat' dir='ltr'><strong>but</strong></span> <span class='ocrx_word' id='word_1_271' title='bbox 1915 3423 2036 3474; x_wconf 83' lang='lat' dir='ltr'><strong>that</strong></span> <span class='ocrx_word' id='word_1_272' title='bbox 2067 3422 2165 3474; x_wconf 77' lang='lat' dir='ltr'><strong>the</strong></span> 
     </span>
     <span class='ocr_line' id='line_1_33' title="bbox 209 3475 1210 3541; baseline 0.004 -19"><span class='ocrx_word' id='word_1_273' title='bbox 209 3475 323 3523; x_wconf 80' lang='lat' dir='ltr'><strong>rich</strong></span> <span class='ocrx_word' id='word_1_274' title='bbox 345 3476 517 3541; x_wconf 81' lang='lat' dir='ltr'><strong>mig-ht</strong></span> <span class='ocrx_word' id='word_1_275' title='bbox 535 3485 626 3525; x_wconf 87' lang='lat' dir='ltr'><strong>not</strong></span> <span class='ocrx_word' id='word_1_276' title='bbox 649 3477 712 3525; x_wconf 87' lang='lat' dir='ltr'><strong>be</strong></span> <span class='ocrx_word' id='word_1_277' title='bbox 732 3476 947 3526; x_wconf 84' lang='lat' dir='ltr'><strong>robbed.</strong></span> <span class='ocrx_word' id='word_1_278' title='bbox 1203 3477 1210 3482; x_wconf 81' lang='grc'><em>“</em></span> 
     </span>
    </p>
   </div>
   <div class='ocr_carea' id='block_1_6' title="bbox 206 3531 2170 3739">
    <p class='ocr_par' dir='ltr' id='par_1_6' title="bbox 206 3531 2170 3739">
     <span class='ocr_line' id='line_1_34' title="bbox 278 3531 2170 3617; baseline 0.01 -28"><span class='ocrx_word' id='word_1_279' title='bbox 278 3543 326 3589; x_wconf 90' lang='grc'><strong>4.</strong></span> <span class='ocrx_word' id='word_1_280' title='bbox 369 3544 531 3591; x_wconf 79' lang='lat' dir='ltr'><strong>Vocem</strong></span> <span class='ocrx_word' id='word_1_281' title='bbox 613 3544 1140 3609; x_wconf 65' lang='lat' dir='ltr'><strong>neema-Although</strong></span> <span class='ocrx_word' id='word_1_282' title='bbox 1159 3546 1250 3597; x_wconf 86' lang='lat' dir='ltr'><strong>the</strong></span> <span class='ocrx_word' id='word_1_283' title='bbox 1266 3557 1479 3615; x_wconf 75' lang='lat' dir='ltr'><strong>greater</strong></span> <span class='ocrx_word' id='word_1_284' title='bbox 1493 3559 1614 3617; x_wconf 78' lang='lat' dir='ltr'><strong>part</strong></span> <span class='ocrx_word' id='word_1_285' title='bbox 1626 3550 1689 3601; x_wconf 85' lang='lat' dir='ltr'><strong>of</strong></span> <span class='ocrx_word' id='word_1_286' title='bbox 1696 3554 1786 3605; x_wconf 87' lang='lat' dir='ltr'><strong>the</strong></span> <span class='ocrx_word' id='word_1_287' title='bbox 1806 3560 1986 3606; x_wconf 79' lang='lat' dir='ltr'><strong>voters</strong></span> <span class='ocrx_word' id='word_1_288' title='bbox 2001 3531 2170 3606; x_wconf 75' lang='lat' dir='ltr'><strong>knew</strong></span> 
     </span>
     <span class='ocr_line' id='line_1_35' title="bbox 212 3602 2170 3690; baseline 0.015 -40"><span class='ocrx_word' id='word_1_289' title='bbox 212 3602 331 3676; x_wconf 60' lang='lat' dir='ltr'><strong>vsho</strong></span> <span class='ocrx_word' id='word_1_290' title='bbox 350 3608 525 3682; x_wconf 62' lang='lat' dir='ltr'><strong>vesould</strong></span> <span class='ocrx_word' id='word_1_291' title='bbox 633 3611 839 3687; x_wconf 70' lang='lat' dir='ltr'><strong>Consul,</strong></span> <span class='ocrx_word' id='word_1_292' title='bbox 863 3619 963 3687; x_wconf 35' lang='lat' dir='ltr'><strong>‘yet</strong></span> <span class='ocrx_word' id='word_1_293' title='bbox 986 3626 1016 3658; x_wconf 80' lang='lat' dir='ltr'><strong>a</strong></span> <span class='ocrx_word' id='word_1_294' title='bbox 1034 3611 1251 3673; x_wconf 85' lang='lat' dir='ltr'><strong>publick</strong></span> <span class='ocrx_word' id='word_1_295' title='bbox 1288 3617 1426 3667; x_wconf 83' lang='lat' dir='ltr'><strong>crier</strong></span> <span class='ocrx_word' id='word_1_296' title='bbox 1460 3634 1566 3669; x_wconf 79' lang='lat' dir='ltr'><strong>was</strong></span> <span class='ocrx_word' id='word_1_297' title='bbox 1603 3621 1885 3690; x_wconf 83' lang='lat' dir='ltr'><strong>appointed</strong></span> <span class='ocrx_word' id='word_1_298' title='bbox 1918 3630 1973 3676; x_wconf 82' lang='lat' dir='ltr'><strong>to</strong></span> <span class='ocrx_word' id='word_1_299' title='bbox 2003 3640 2170 3680; x_wconf 75' lang='lat' dir='ltr'><strong>name</strong></span> 
     </span>
     <span class='ocr_line' id='line_1_36' title="bbox 206 3663 2134 3739; baseline 0.018 -27"><span class='ocrx_word' id='word_1_300' title='bbox 206 3663 321 3717; x_wconf 63' lang='lat' dir='ltr'><strong>,hun</strong></span> <span class='ocrx_word' id='word_1_301' title='bbox 335 3672 461 3724; x_wconf 67' lang='lat' dir='ltr'><strong>with</strong></span> <span class='ocrx_word' id='word_1_302' title='bbox 483 3689 550 3726; x_wconf 77' lang='lat' dir='ltr'><strong>an</strong></span> <span class='ocrx_word' id='word_1_303' title='bbox 569 3675 777 3730; x_wconf 68' lang='lat' dir='ltr'><strong>sudnble</strong></span> <span class='ocrx_word' id='word_1_304' title='bbox 796 3689 960 3739; x_wconf 75' lang='lat' dir='ltr'><strong>vome,</strong></span> <span class='ocrx_word' id='word_1_305' title='bbox 984 3677 1087 3729; x_wconf 75' lang='lat' dir='ltr'><strong>and</strong></span> <span class='ocrx_word' id='word_1_306' title='bbox 1099 3681 1244 3734; x_wconf 79' lang='lat' dir='ltr'><strong>extol</strong></span> <span class='ocrx_word' id='word_1_307' title='bbox 1266 3681 1349 3734; x_wconf 79' lang='lat' dir='ltr'><strong>his</strong></span> <span class='ocrx_word' id='word_1_308' title='bbox 1373 3684 1661 3738; x_wconf 80' lang='lat' dir='ltr'><strong>character.</strong></span> <span class='ocrx_word' id='word_1_309' title='bbox 2129 3683 2134 3692; x_wconf 73' lang='grc'><strong>’</strong></span> 
     </span>
    </p>
   </div>
   <div class='ocr_carea' id='block_1_7' title="bbox 2292 2815 2375 4033">
    <p class='ocr_par' dir='ltr' id='par_1_7' title="bbox 2292 2815 2375 4033">
     <span class='ocr_line' id='line_1_37' title="bbox 2292 2815 2375 4033; baseline 0 0"><span class='ocrx_word' id='word_1_310' title='bbox 2292 2815 2375 4033; x_wconf 95' lang='lat' dir='ltr'><strong> </strong></span> 
     </span>
    </p>
   </div>
  </div>
 </body>
</html>
