<?xml version="1.0" encoding="UTF-8"?>
<!DOCTYPE html PUBLIC "-//W3C//DTD XHTML 1.0 Transitional//EN"
    "http://www.w3.org/TR/xhtml1/DTD/xhtml1-transitional.dtd">
<html xmlns="http://www.w3.org/1999/xhtml" xml:lang="en" lang="en">
 <head>
  <title>
</title>
<meta http-equiv="Content-Type" content="text/html;charset=utf-8" />
  <meta name='ocr-system' content='tesseract 3.04.00' />
  <meta name='ocr-capabilities' content='ocr_page ocr_carea ocr_par ocr_line ocrx_word'/>
</head>
<body>
  <div class='ocr_page' id='page_1' title='image "./orationesquaeda03cicegoog/orationesquaeda03cicegoog_0263.png"; bbox 0 0 2382 4110; ppageno 0'>
   <div class='ocr_carea' id='block_1_1' title="bbox 716 140 2174 243">
    <p class='ocr_par' dir='ltr' id='par_1_1' title="bbox 716 140 2174 243">
     <span class='ocr_line' id='line_1_1' title="bbox 716 140 2174 243; baseline 0.003 -4"><span class='ocrx_word' id='word_1_1' title='bbox 716 140 981 239; x_wconf 65' lang='lat' dir='ltr'>onATlo</span> <span class='ocrx_word' id='word_1_2' title='bbox 1013 182 1152 239; x_wconf 76' lang='lat' dir='ltr'>PRO</span> <span class='ocrx_word' id='word_1_3' title='bbox 1184 184 1251 235; x_wconf 83' lang='grc' dir='ltr'>Τ.</span> <span class='ocrx_word' id='word_1_4' title='bbox 1285 183 1350 236; x_wconf 76' lang='grc' dir='ltr'>Δ.</span> <span class='ocrx_word' id='word_1_5' title='bbox 1384 184 1673 239; x_wconf 63' lang='lat' dir='ltr'>MILONE.</span> <span class='ocrx_word' id='word_1_6' title='bbox 2071 192 2174 243; x_wconf 77' lang='lat'>259</span> 
     </span>
    </p>
   </div>
   <div class='ocr_carea' id='block_1_2' title="bbox 204 333 2262 3639">
    <p class='ocr_par' dir='ltr' id='par_1_2' title="bbox 210 333 2262 3196">
     <span class='ocr_line' id='line_1_2' title="bbox 229 333 2169 419; baseline -0.001 -16"><span class='ocrx_word' id='word_1_7' title='bbox 229 334 560 403; x_wconf 82' lang='lat' dir='ltr'>revixerit.</span> <span class='ocrx_word' id='word_1_8' title='bbox 653 333 841 412; x_wconf 78' lang='lat' dir='ltr'>Quid</span> <span class='ocrx_word' id='word_1_9' title='bbox 891 336 1082 401; x_wconf 87' lang='lat' dir='ltr'>vultu</span> <span class='ocrx_word' id='word_1_10' title='bbox 1138 334 1532 399; x_wconf 82' lang='lat' dir='ltr'>extimuistis</span> <span class='ocrx_word' id='word_1_11' title='bbox 1558 335 1582 397; x_wconf 73' lang='grc' dir='ltr'>ἓ</span> <span class='ocrx_word' id='word_1_12' title='bbox 1629 353 1913 419; x_wconf 87' lang='lat' dir='ltr'>quonam</span> <span class='ocrx_word' id='word_1_13' title='bbox 1967 335 2169 401; x_wconf 87' lang='lat' dir='ltr'>modo</span> 
     </span>
     <span class='ocr_line' id='line_1_3' title="bbox 229 445 2169 530; baseline -0.001 -18"><span class='ocrx_word' id='word_1_14' title='bbox 229 449 336 513; x_wconf 83' lang='lat' dir='ltr'>ine</span> <span class='ocrx_word' id='word_1_15' title='bbox 369 467 500 530; x_wconf 28' lang='lat' dir='ltr'>vos.</span> <span class='ocrx_word' id='word_1_16' title='bbox 510 446 702 512; x_wconf 86' lang='lat' dir='ltr'>vivus</span> <span class='ocrx_word' id='word_1_17' title='bbox 736 447 1038 527; x_wconf 86' lang='lat' dir='ltr'>afficeret,</span> <span class='ocrx_word' id='word_1_18' title='bbox 1069 446 1184 529; x_wconf 90' lang='lat' dir='ltr'>qui</span> <span class='ocrx_word' id='word_1_19' title='bbox 1231 460 1526 510; x_wconf 87' lang='lat' dir='ltr'>mortuus</span> <span class='ocrx_word' id='word_1_20' title='bbox 1568 445 1741 508; x_wconf 87' lang='lat' dir='ltr'>inani</span> <span class='ocrx_word' id='word_1_21' title='bbox 1772 445 2169 530; x_wconf 82' lang='lat' dir='ltr'>cogitatione</span> 
     </span>
     <span class='ocr_line' id='line_1_4' title="bbox 227 558 2163 648; baseline -0.002 -21"><span class='ocrx_word' id='word_1_22' title='bbox 227 558 593 648; x_wconf 65' lang='lat' dir='ltr'>percussit?</span> <span class='ocrx_word' id='word_1_23' title='bbox 640 559 878 636; x_wconf 77' lang='lat' dir='ltr'>Quid?</span> <span class='ocrx_word' id='word_1_24' title='bbox 925 560 980 624; x_wconf 88' lang='lat' dir='ltr'>si</span> <span class='ocrx_word' id='word_1_25' title='bbox 1014 558 1154 645; x_wconf 83' lang='lat' dir='ltr'>ipse</span> <span class='ocrx_word' id='word_1_26' title='bbox 1188 560 1314 624; x_wconf 84' lang='lat' dir='ltr'>Cn.</span> <span class='ocrx_word' id='word_1_27' title='bbox 1347 558 1741 644; x_wconf 77' lang='lat' dir='ltr'>Pompeius,</span> <span class='ocrx_word' id='word_1_28' title='bbox 1786 559 1902 643; x_wconf 89' lang='lat' dir='ltr'>qui</span> <span class='ocrx_word' id='word_1_29' title='bbox 1926 562 2000 623; x_wconf 64' lang='lat' dir='ltr'>ei</span> <span class='ocrx_word' id='word_1_30' title='bbox 2032 560 2163 624; x_wconf 88' lang='lat' dir='ltr'>vir-</span> 
     </span>
     <span class='ocr_line' id='line_1_5' title="bbox 227 671 2166 756; baseline 0 -20"><span class='ocrx_word' id='word_1_31' title='bbox 227 686 365 738; x_wconf 86' lang='lat' dir='ltr'>tute</span> <span class='ocrx_word' id='word_1_32' title='bbox 399 694 474 737; x_wconf 86' lang='lat' dir='ltr'>ac</span> <span class='ocrx_word' id='word_1_33' title='bbox 505 671 767 736; x_wconf 62' lang='lat' dir='ltr'>fortuna</span> <span class='ocrx_word' id='word_1_34' title='bbox 797 687 920 752; x_wconf 83' lang='lat' dir='ltr'>est,</span> <span class='ocrx_word' id='word_1_35' title='bbox 950 685 1024 736; x_wconf 88' lang='lat' dir='ltr'>ut</span> <span class='ocrx_word' id='word_1_36' title='bbox 1044 693 1125 737; x_wconf 85' lang='lat' dir='ltr'>ea</span> <span class='ocrx_word' id='word_1_37' title='bbox 1153 671 1441 756; x_wconf 71' lang='lat' dir='ltr'>potnerit</span> <span class='ocrx_word' id='word_1_38' title='bbox 1463 692 1741 756; x_wconf 86' lang='lat' dir='ltr'>semper,</span> <span class='ocrx_word' id='word_1_39' title='bbox 1774 691 1941 755; x_wconf 82' lang='lat' dir='ltr'>quae</span> <span class='ocrx_word' id='word_1_40' title='bbox 1972 692 2166 736; x_wconf 85' lang='lat' dir='ltr'>nemo</span> 
     </span>
     <span class='ocr_line' id='line_1_6' title="bbox 226 784 2167 873; baseline -0.001 -24"><span class='ocrx_word' id='word_1_41' title='bbox 226 798 480 873; x_wconf 78' lang='lat' dir='ltr'>praeter</span> <span class='ocrx_word' id='word_1_42' title='bbox 511 785 740 861; x_wconf 79' lang='lat' dir='ltr'>illum3</span> <span class='ocrx_word' id='word_1_43' title='bbox 787 784 842 849; x_wconf 89' lang='lat' dir='ltr'>si</span> <span class='ocrx_word' id='word_1_44' title='bbox 867 786 947 865; x_wconf 90' lang='lat' dir='ltr'>is,</span> <span class='ocrx_word' id='word_1_45' title='bbox 971 786 1264 869; x_wconf 81' lang='lat' dir='ltr'>inquam,</span> <span class='ocrx_word' id='word_1_46' title='bbox 1284 784 1628 870; x_wconf 83' lang='lat' dir='ltr'>potuisset,</span> <span class='ocrx_word' id='word_1_47' title='bbox 1651 799 1766 849; x_wconf 86' lang='lat' dir='ltr'>aut</span> <span class='ocrx_word' id='word_1_48' title='bbox 1798 785 2167 868; x_wconf 85' lang='lat' dir='ltr'>quaestion·</span> 
     </span>
     <span class='ocr_line' id='line_1_7' title="bbox 228 894 2218 980; baseline 0.001 -21"><span class='ocrx_word' id='word_1_49' title='bbox 228 917 332 959; x_wconf 87' lang='lat' dir='ltr'>em</span> <span class='ocrx_word' id='word_1_50' title='bbox 363 896 447 960; x_wconf 83' lang='lat' dir='ltr'>de</span> <span class='ocrx_word' id='word_1_51' title='bbox 496 910 710 961; x_wconf 86' lang='lat' dir='ltr'>morte</span> <span class='ocrx_word' id='word_1_52' title='bbox 747 897 825 959; x_wconf 89' lang='grc' dir='ltr'>Ρ.</span> <span class='ocrx_word' id='word_1_53' title='bbox 875 895 1095 960; x_wconf 91' lang='lat' dir='ltr'>Clodii</span> <span class='ocrx_word' id='word_1_54' title='bbox 1138 894 1335 975; x_wconf 82' lang='lat' dir='ltr'>ferre,</span> <span class='ocrx_word' id='word_1_55' title='bbox 1387 909 1507 960; x_wconf 85' lang='lat' dir='ltr'>aut</span> <span class='ocrx_word' id='word_1_56' title='bbox 1557 894 1774 980; x_wconf 88' lang='lat' dir='ltr'>ipsum</span> <span class='ocrx_word' id='word_1_57' title='bbox 1829 896 1910 960; x_wconf 88' lang='lat' dir='ltr'>ab</span> <span class='ocrx_word' id='word_1_58' title='bbox 1942 896 2165 962; x_wconf 74' lang='lat' dir='ltr'>inferis</span> <span class='ocrx_word' id='word_1_59' title='bbox 2205 916 2218 929; x_wconf 88' lang='lat'><strong>·</strong></span> 
     </span>
     <span class='ocr_line' id='line_1_8' title="bbox 223 1003 2170 1085; baseline 0.001 -16"><span class='ocrx_word' id='word_1_60' title='bbox 223 1005 536 1083; x_wconf 76' lang='lat' dir='ltr'>excitare,</span> <span class='ocrx_word' id='word_1_61' title='bbox 588 1020 813 1067; x_wconf 82' lang='lat' dir='ltr'>utrum</span> <span class='ocrx_word' id='word_1_62' title='bbox 863 1006 1108 1085; x_wconf 87' lang='lat' dir='ltr'>putatis</span> <span class='ocrx_word' id='word_1_63' title='bbox 1163 1003 1494 1067; x_wconf 72' lang='lat' dir='ltr'>facturum</span> <span class='ocrx_word' id='word_1_64' title='bbox 1546 1004 1751 1066; x_wconf 71' lang='lat' dir='ltr'>fuisse</span> <span class='ocrx_word' id='word_1_65' title='bbox 1777 1007 1801 1065; x_wconf 76' lang='grc' dir='ltr'>ἰ</span> <span class='ocrx_word' id='word_1_66' title='bbox 1857 1005 2059 1069; x_wconf 85' lang='lat' dir='ltr'>etiam</span> <span class='ocrx_word' id='word_1_67' title='bbox 2110 1006 2170 1070; x_wconf 70' lang='lat' dir='ltr'>si</span> 
     </span>
     <span class='ocr_line' id='line_1_9' title="bbox 224 1106 2168 1201; baseline -0.001 -22"><span class='ocrx_word' id='word_1_68' title='bbox 224 1129 490 1201; x_wconf 85' lang='lat' dir='ltr'>propter</span> <span class='ocrx_word' id='word_1_69' title='bbox 505 1144 511 1149; x_wconf 54' lang='lat'><em>⁷</em></span> <span class='ocrx_word' id='word_1_70' title='bbox 527 1110 895 1175; x_wconf 79' lang='lat' dir='ltr'>amicitiam</span> <span class='ocrx_word' id='word_1_71' title='bbox 944 1108 1142 1171; x_wconf 83' lang='lat' dir='ltr'>vellet</span> <span class='ocrx_word' id='word_1_72' title='bbox 1191 1106 1378 1169; x_wconf 87' lang='lat' dir='ltr'>illum</span> <span class='ocrx_word' id='word_1_73' title='bbox 1428 1107 1509 1170; x_wconf 83' lang='lat' dir='ltr'>ab</span> <span class='ocrx_word' id='word_1_74' title='bbox 1559 1107 1783 1173; x_wconf 81' lang='lat' dir='ltr'>inferis</span> <span class='ocrx_word' id='word_1_75' title='bbox 1831 1131 2168 1197; x_wconf 86' lang='lat' dir='ltr'>revocare,</span> 
     </span>
     <span class='ocr_line' id='line_1_10' title="bbox 225 1214 2165 1309; baseline 0.002 -22"><span class='ocrx_word' id='word_1_76' title='bbox 225 1236 494 1309; x_wconf 86' lang='lat' dir='ltr'>propter</span> <span class='ocrx_word' id='word_1_77' title='bbox 534 1220 835 1304; x_wconf 80' lang='lat' dir='ltr'>rempub.</span> <span class='ocrx_word' id='word_1_78' title='bbox 880 1239 1012 1280; x_wconf 89' lang='lat' dir='ltr'>non</span> <span class='ocrx_word' id='word_1_79' title='bbox 1065 1214 1352 1281; x_wconf 84' lang='lat' dir='ltr'>fecisset.</span> <span class='ocrx_word' id='word_1_80' title='bbox 1464 1216 1632 1302; x_wconf 88' lang='lat' dir='ltr'>Ejus</span> <span class='ocrx_word' id='word_1_81' title='bbox 1684 1219 1886 1304; x_wconf 83' lang='lat' dir='ltr'>igitur</span> <span class='ocrx_word' id='word_1_82' title='bbox 1936 1227 2165 1292; x_wconf 76' lang='lat' dir='ltr'>mortis</span> 
     </span>
     <span class='ocr_line' id='line_1_11' title="bbox 223 1327 2163 1416; baseline 0.002 -18"><span class='ocrx_word' id='word_1_83' title='bbox 223 1333 469 1405; x_wconf 71' lang='lat' dir='ltr'>sedetis</span> <span class='ocrx_word' id='word_1_84' title='bbox 502 1332 773 1411; x_wconf 80' lang='lat' dir='ltr'>ultores,</span> <span class='ocrx_word' id='word_1_85' title='bbox 801 1327 989 1416; x_wconf 85' lang='lat' dir='ltr'>cujus</span> <span class='ocrx_word' id='word_1_86' title='bbox 1018 1329 1249 1409; x_wconf 85' lang='lat' dir='ltr'>vitam,</span> <span class='ocrx_word' id='word_1_87' title='bbox 1281 1327 1337 1392; x_wconf 92' lang='lat' dir='ltr'>si</span> <span class='ocrx_word' id='word_1_88' title='bbox 1358 1329 1600 1413; x_wconf 85' lang='lat' dir='ltr'>putetis</span> <span class='ocrx_word' id='word_1_89' title='bbox 1650 1352 1768 1416; x_wconf 90' lang='lat' dir='ltr'>per</span> <span class='ocrx_word' id='word_1_90' title='bbox 1797 1354 1917 1398; x_wconf 87' lang='lat' dir='ltr'>vos</span> <span class='ocrx_word' id='word_1_91' title='bbox 1950 1336 2163 1402; x_wconf 86' lang='lat' dir='ltr'>restit-</span> 
     </span>
     <span class='ocr_line' id='line_1_12' title="bbox 221 1438 2164 1530; baseline 0.002 -22"><span class='ocrx_word' id='word_1_92' title='bbox 221 1444 292 1509; x_wconf 87' lang='lat' dir='ltr'>ui</span> <span class='ocrx_word' id='word_1_93' title='bbox 325 1465 539 1529; x_wconf 87' lang='lat' dir='ltr'>posse,</span> <span class='ocrx_word' id='word_1_94' title='bbox 569 1440 791 1507; x_wconf 85' lang='lat' dir='ltr'>nolitis</span> <span class='ocrx_word' id='word_1_95' title='bbox 819 1466 838 1515; x_wconf 90' lang='lat'>;</span> <span class='ocrx_word' id='word_1_96' title='bbox 916 1452 987 1505; x_wconf 84' lang='lat' dir='ltr'>et</span> <span class='ocrx_word' id='word_1_97' title='bbox 1013 1438 1096 1504; x_wconf 87' lang='lat' dir='ltr'>de</span> <span class='ocrx_word' id='word_1_98' title='bbox 1127 1439 1272 1525; x_wconf 88' lang='lat' dir='ltr'>ejus</span> <span class='ocrx_word' id='word_1_99' title='bbox 1324 1460 1483 1504; x_wconf 88' lang='lat' dir='ltr'>nece</span> <span class='ocrx_word' id='word_1_100' title='bbox 1513 1441 1646 1506; x_wconf 85' lang='lat' dir='ltr'>lata</span> <span class='ocrx_word' id='word_1_101' title='bbox 1696 1444 1993 1526; x_wconf 77' lang='lat' dir='ltr'>quaestio</span> <span class='ocrx_word' id='word_1_102' title='bbox 2044 1460 2164 1530; x_wconf 87' lang='lat' dir='ltr'>est,</span> 
     </span>
     <span class='ocr_line' id='line_1_13' title="bbox 226 1552 2165 1641; baseline 0.002 -20"><span class='ocrx_word' id='word_1_103' title='bbox 226 1555 338 1641; x_wconf 87' lang='lat' dir='ltr'>qui</span> <span class='ocrx_word' id='word_1_104' title='bbox 371 1556 426 1619; x_wconf 86' lang='lat' dir='ltr'>si</span> <span class='ocrx_word' id='word_1_105' title='bbox 460 1554 686 1619; x_wconf 64' lang='lat' dir='ltr'>eidem</span> <span class='ocrx_word' id='word_1_106' title='bbox 728 1554 874 1638; x_wconf 84' lang='lat' dir='ltr'>lege</span> <span class='ocrx_word' id='word_1_107' title='bbox 924 1552 1320 1617; x_wconf 81' lang='lat' dir='ltr'>reviviscere</span> <span class='ocrx_word' id='word_1_108' title='bbox 1361 1569 1605 1638; x_wconf 81' lang='lat' dir='ltr'>posset,</span> <span class='ocrx_word' id='word_1_109' title='bbox 1655 1554 1790 1620; x_wconf 86' lang='lat' dir='ltr'>lata</span> <span class='ocrx_word' id='word_1_110' title='bbox 1838 1558 1950 1622; x_wconf 82' lang='lat' dir='ltr'>lex</span> <span class='ocrx_word' id='word_1_111' title='bbox 1999 1582 2165 1625; x_wconf 87' lang='lat' dir='ltr'>nun-</span> 
     </span>
     <span class='ocr_line' id='line_1_14' title="bbox 227 1662 2166 1759; baseline 0.002 -24"><span class='ocrx_word' id='word_1_112' title='bbox 227 1691 426 1759; x_wconf 63' lang='lat' dir='ltr'>quant</span> <span class='ocrx_word' id='word_1_113' title='bbox 472 1682 664 1733; x_wconf 86' lang='lat' dir='ltr'>esset.</span> <span class='ocrx_word' id='word_1_114' title='bbox 761 1667 984 1752; x_wconf 85' lang='lat' dir='ltr'>Hujus</span> <span class='ocrx_word' id='word_1_115' title='bbox 1034 1662 1195 1752; x_wconf 48' lang='lat' dir='ltr'>engo</span> <span class='ocrx_word' id='word_1_116' title='bbox 1248 1666 1632 1732; x_wconf 74' lang='lat' dir='ltr'>interfector</span> <span class='ocrx_word' id='word_1_117' title='bbox 1682 1670 1796 1751; x_wconf 88' lang='lat' dir='ltr'>qui</span> <span class='ocrx_word' id='word_1_118' title='bbox 1850 1687 2044 1753; x_wconf 88' lang='lat' dir='ltr'>esset,</span> <span class='ocrx_word' id='word_1_119' title='bbox 2095 1674 2166 1739; x_wconf 77' lang='lat' dir='ltr'>in</span> 
     </span>
     <span class='ocr_line' id='line_1_15' title="bbox 227 1777 2166 1863; baseline 0.001 -18"><span class='ocrx_word' id='word_1_120' title='bbox 227 1780 594 1846; x_wconf 71' lang='lat' dir='ltr'>confitendo</span> <span class='ocrx_word' id='word_1_121' title='bbox 615 1779 697 1842; x_wconf 86' lang='lat' dir='ltr'>ab</span> <span class='ocrx_word' id='word_1_122' title='bbox 717 1778 903 1842; x_wconf 88' lang='lat' dir='ltr'>hisne</span> <span class='ocrx_word' id='word_1_123' title='bbox 926 1798 1206 1863; x_wconf 87' lang='lat' dir='ltr'>poenam</span> <span class='ocrx_word' id='word_1_124' title='bbox 1225 1777 1507 1859; x_wconf 85' lang='lat' dir='ltr'>timeret,</span> <span class='ocrx_word' id='word_1_125' title='bbox 1533 1798 1696 1860; x_wconf 89' lang='lat' dir='ltr'>quos</span> <span class='ocrx_word' id='word_1_126' title='bbox 1718 1777 2166 1847; x_wconf 71' lang='lat' dir='ltr'>liberavisset?</span> 
     </span>
     <span class='ocr_line' id='line_1_16' title="bbox 229 1887 2164 1973; baseline 0.001 -19"><span class='ocrx_word' id='word_1_127' title='bbox 229 1889 467 1957; x_wconf 78' lang='lat' dir='ltr'>Graeci</span> <span class='ocrx_word' id='word_1_128' title='bbox 498 1888 796 1953; x_wconf 87' lang='lat' dir='ltr'>homines</span> <span class='ocrx_word' id='word_1_129' title='bbox 843 1888 1120 1955; x_wconf 84' lang='lat' dir='ltr'>deorum</span> <span class='ocrx_word' id='word_1_130' title='bbox 1171 1887 1454 1952; x_wconf 84' lang='lat' dir='ltr'>honores</span> <span class='ocrx_word' id='word_1_131' title='bbox 1506 1887 1801 1955; x_wconf 89' lang='lat' dir='ltr'>tribuunt</span> <span class='ocrx_word' id='word_1_132' title='bbox 1850 1888 1932 1952; x_wconf 89' lang='lat' dir='ltr'>iis</span> <span class='ocrx_word' id='word_1_133' title='bbox 1980 1889 2164 1973; x_wconf 86' lang='lat' dir='ltr'>viris,</span> 
     </span>
     <span class='ocr_line' id='line_1_17' title="bbox 224 1982 2166 2083; baseline 0.002 -22"><span class='ocrx_word' id='word_1_134' title='bbox 224 1997 343 2083; x_wconf 82' lang='lat' dir='ltr'>qui</span> <span class='ocrx_word' id='word_1_135' title='bbox 373 2011 679 2083; x_wconf 83' lang='lat' dir='ltr'>tyrannos</span> <span class='ocrx_word' id='word_1_136' title='bbox 711 2012 1128 2064; x_wconf 86' lang='lat' dir='ltr'>necaverunt.</span> <span class='ocrx_word' id='word_1_137' title='bbox 1242 1982 1434 2075; x_wconf 77' lang='lat' dir='ltr'>Quae</span> <span class='ocrx_word' id='word_1_138' title='bbox 1488 2020 1612 2083; x_wconf 85' lang='lat' dir='ltr'>ego</span> <span class='ocrx_word' id='word_1_139' title='bbox 1654 1998 1794 2064; x_wconf 88' lang='lat' dir='ltr'>vidi</span> <span class='ocrx_word' id='word_1_140' title='bbox 1830 1998 2111 2065; x_wconf 76' lang='lat' dir='ltr'>Athenis</span> <span class='ocrx_word' id='word_1_141' title='bbox 2137 2000 2166 2065; x_wconf 69' lang='grc' dir='ltr'>ἓ</span> 
     </span>
     <span class='ocr_line' id='line_1_18' title="bbox 223 2108 2162 2195; baseline 0.003 -21"><span class='ocrx_word' id='word_1_142' title='bbox 223 2131 394 2195; x_wconf 83' lang='lat' dir='ltr'>quae</span> <span class='ocrx_word' id='word_1_143' title='bbox 442 2108 586 2176; x_wconf 86' lang='lat' dir='ltr'>aliis</span> <span class='ocrx_word' id='word_1_144' title='bbox 632 2111 700 2174; x_wconf 88' lang='lat' dir='ltr'>in</span> <span class='ocrx_word' id='word_1_145' title='bbox 756 2112 1022 2176; x_wconf 83' lang='lat' dir='ltr'>urbibus</span> <span class='ocrx_word' id='word_1_146' title='bbox 1079 2110 1446 2175; x_wconf 82' lang='lat' dir='ltr'>Graeciae?</span> <span class='ocrx_word' id='word_1_147' title='bbox 1494 2132 1657 2195; x_wconf 82' lang='lat' dir='ltr'>quas</span> <span class='ocrx_word' id='word_1_148' title='bbox 1716 2116 1855 2177; x_wconf 69' lang='lat' dir='ltr'>‘res</span> <span class='ocrx_word' id='word_1_149' title='bbox 1907 2112 2162 2179; x_wconf 82' lang='lat' dir='ltr'>divinas</span> 
     </span>
     <span class='ocr_line' id='line_1_19' title="bbox 219 2217 2162 2307; baseline 0 -19"><span class='ocrx_word' id='word_1_150' title='bbox 219 2221 458 2288; x_wconf 72' lang='lat' dir='ltr'>talibus</span> <span class='ocrx_word' id='word_1_151' title='bbox 492 2217 817 2287; x_wconf 88' lang='lat' dir='ltr'>institutas</span> <span class='ocrx_word' id='word_1_152' title='bbox 849 2222 1009 2288; x_wconf 85' lang='lat' dir='ltr'>viris</span> <span class='ocrx_word' id='word_1_153' title='bbox 1036 2223 1061 2285; x_wconf 74' lang='grc' dir='ltr'><strong><em>ἓ</em></strong></span> <span class='ocrx_word' id='word_1_154' title='bbox 1110 2244 1276 2306; x_wconf 90' lang='lat' dir='ltr'>quos</span> <span class='ocrx_word' id='word_1_155' title='bbox 1310 2238 1536 2287; x_wconf 85' lang='lat' dir='ltr'>cantus</span> <span class='ocrx_word' id='word_1_156' title='bbox 1562 2223 1587 2285; x_wconf 73' lang='grc' dir='ltr'><strong><em>ἓ</em></strong></span> <span class='ocrx_word' id='word_1_157' title='bbox 1635 2243 1801 2307; x_wconf 86' lang='lat' dir='ltr'>quae</span> <span class='ocrx_word' id='word_1_158' title='bbox 1828 2224 2162 2288; x_wconf 77' lang='lat' dir='ltr'>carmina?</span> 
     </span>
     <span class='ocr_line' id='line_1_20' title="bbox 217 2332 2166 2420; baseline 0.003 -21"><span class='ocrx_word' id='word_1_159' title='bbox 217 2332 428 2420; x_wconf 75' lang='lat' dir='ltr'>prope</span> <span class='ocrx_word' id='word_1_160' title='bbox 461 2335 548 2398; x_wconf 88' lang='lat' dir='ltr'>ad</span> <span class='ocrx_word' id='word_1_161' title='bbox 578 2335 1084 2401; x_wconf 85' lang='lat' dir='ltr'>immortalitatis</span> <span class='ocrx_word' id='word_1_162' title='bbox 1119 2351 1184 2400; x_wconf 90' lang='lat' dir='ltr'>et</span> <span class='ocrx_word' id='word_1_163' title='bbox 1214 2335 1601 2418; x_wconf 78' lang='lat' dir='ltr'>religionem</span> <span class='ocrx_word' id='word_1_164' title='bbox 1655 2351 1721 2401; x_wconf 91' lang='lat' dir='ltr'>et</span> <span class='ocrx_word' id='word_1_165' title='bbox 1775 2336 2166 2404; x_wconf 72' lang='lat' dir='ltr'>memoriam</span> 
     </span>
     <span class='ocr_line' id='line_1_21' title="bbox 220 2427 2163 2530; baseline 0 -20"><span class='ocrx_word' id='word_1_166' title='bbox 220 2427 703 2510; x_wconf 58' lang='lat' dir='ltr'>consecrantur.</span> <span class='ocrx_word' id='word_1_167' title='bbox 795 2443 938 2508; x_wconf 89' lang='lat' dir='ltr'>Vos</span> <span class='ocrx_word' id='word_1_168' title='bbox 969 2440 1132 2505; x_wconf 91' lang='lat' dir='ltr'>tanti</span> <span class='ocrx_word' id='word_1_169' title='bbox 1165 2457 1690 2507; x_wconf 84' lang='lat' dir='ltr'>conservatorem</span> <span class='ocrx_word' id='word_1_170' title='bbox 1721 2446 1968 2530; x_wconf 86' lang='lat' dir='ltr'>populi,</span> <span class='ocrx_word' id='word_1_171' title='bbox 1999 2445 2163 2510; x_wconf 87' lang='lat' dir='ltr'>tanti</span> 
     </span>
     <span class='ocr_line' id='line_1_22' title="bbox 219 2551 2162 2633; baseline -0.001 -13"><span class='ocrx_word' id='word_1_172' title='bbox 219 2556 489 2620; x_wconf 85' lang='lat' dir='ltr'>sceleris</span> <span class='ocrx_word' id='word_1_173' title='bbox 521 2556 826 2633; x_wconf 86' lang='lat' dir='ltr'>ultorem,</span> <span class='ocrx_word' id='word_1_174' title='bbox 856 2576 988 2617; x_wconf 90' lang='lat' dir='ltr'>non</span> <span class='ocrx_word' id='word_1_175' title='bbox 1010 2551 1214 2617; x_wconf 75' lang='lat' dir='ltr'>modo</span> <span class='ocrx_word' id='word_1_176' title='bbox 1245 2553 1600 2617; x_wconf 87' lang='lat' dir='ltr'>honoribus</span> <span class='ocrx_word' id='word_1_177' title='bbox 1646 2555 1842 2617; x_wconf 86' lang='lat' dir='ltr'>nullis</span> <span class='ocrx_word' id='word_1_178' title='bbox 1875 2555 2162 2619; x_wconf 85' lang='lat' dir='ltr'>afficietis</span> 
     </span>
     <span class='ocr_line' id='line_1_23' title="bbox 217 2665 2167 2754; baseline -0.001 -22"><span class='ocrx_word' id='word_1_179' title='bbox 217 2669 341 2733; x_wconf 87' lang='lat' dir='ltr'>sed</span> <span class='ocrx_word' id='word_1_180' title='bbox 364 2670 451 2732; x_wconf 86' lang='lat' dir='ltr'>ad</span> <span class='ocrx_word' id='word_1_181' title='bbox 474 2668 866 2754; x_wconf 84' lang='lat' dir='ltr'>supplicium</span> <span class='ocrx_word' id='word_1_182' title='bbox 885 2669 1028 2754; x_wconf 85' lang='lat' dir='ltr'>rapi</span> <span class='ocrx_word' id='word_1_183' title='bbox 1050 2667 1247 2731; x_wconf 86' lang='lat' dir='ltr'>etiam</span> <span class='ocrx_word' id='word_1_184' title='bbox 1270 2665 1607 2751; x_wconf 88' lang='lat' dir='ltr'>patiemini</span> <span class='ocrx_word' id='word_1_185' title='bbox 1633 2666 1655 2726; x_wconf 75' lang='grc' dir='ltr'><em>Ξ</em></span> <span class='ocrx_word' id='word_1_186' title='bbox 1705 2667 2167 2748; x_wconf 79' lang='lat' dir='ltr'>Confiteretur,</span> 
     </span>
     <span class='ocr_line' id='line_1_24' title="bbox 217 2774 2262 2863; baseline -0.002 -17"><span class='ocrx_word' id='word_1_187' title='bbox 217 2779 662 2860; x_wconf 80' lang='lat' dir='ltr'>confiteretur,</span> <span class='ocrx_word' id='word_1_188' title='bbox 714 2780 1003 2863; x_wconf 86' lang='lat' dir='ltr'>inquam,</span> <span class='ocrx_word' id='word_1_189' title='bbox 1030 2777 1092 2842; x_wconf 75' lang='lat' dir='ltr'>&#39;si</span> <span class='ocrx_word' id='word_1_190' title='bbox 1147 2777 1433 2856; x_wconf 85' lang='lat' dir='ltr'>fecisset,</span> <span class='ocrx_word' id='word_1_191' title='bbox 1466 2790 1533 2839; x_wconf 90' lang='lat' dir='ltr'>et</span> <span class='ocrx_word' id='word_1_192' title='bbox 1563 2796 1802 2860; x_wconf 83' lang='lat' dir='ltr'>magno</span> <span class='ocrx_word' id='word_1_193' title='bbox 1834 2774 2053 2839; x_wconf 88' lang='lat' dir='ltr'>animo</span> <span class='ocrx_word' id='word_1_194' title='bbox 2101 2790 2167 2842; x_wconf 89' lang='lat' dir='ltr'>et</span> <span class='ocrx_word' id='word_1_195' title='bbox 2251 2831 2262 2841; x_wconf 90' lang='lat'><strong>.</strong></span> 
     </span>
     <span class='ocr_line' id='line_1_25' title="bbox 214 2883 2165 2969; baseline -0.004 -14"><span class='ocrx_word' id='word_1_196' title='bbox 214 2888 502 2955; x_wconf 69' lang='lat' dir='ltr'>libenter</span> <span class='ocrx_word' id='word_1_197' title='bbox 531 2914 603 2955; x_wconf 87' lang='lat' dir='ltr'>se</span> <span class='ocrx_word' id='word_1_198' title='bbox 633 2890 870 2955; x_wconf 81' lang='lat' dir='ltr'>fecisse</span> <span class='ocrx_word' id='word_1_199' title='bbox 900 2888 1222 2954; x_wconf 85' lang='lat' dir='ltr'>libertatis</span> <span class='ocrx_word' id='word_1_200' title='bbox 1264 2887 1562 2952; x_wconf 84' lang='lat' dir='ltr'>omnium</span> <span class='ocrx_word' id='word_1_201' title='bbox 1607 2887 1798 2950; x_wconf 64' lang='lat' dir='ltr'>causa</span> <span class='ocrx_word' id='word_1_202' title='bbox 1825 2908 1841 2948; x_wconf 69' lang='grc' dir='ltr'><strong>ι</strong></span> <span class='ocrx_word' id='word_1_203' title='bbox 1891 2883 2071 2969; x_wconf 86' lang='lat' dir='ltr'>quod</span> <span class='ocrx_word' id='word_1_204' title='bbox 2102 2896 2165 2961; x_wconf 70' lang='lat' dir='ltr'>ei</span> 
     </span>
     <span class='ocr_line' id='line_1_26' title="bbox 214 2995 2165 3077; baseline -0.001 -10"><span class='ocrx_word' id='word_1_205' title='bbox 214 2998 399 3067; x_wconf 75' lang='lat' dir='ltr'>certe</span> <span class='ocrx_word' id='word_1_206' title='bbox 439 3024 571 3066; x_wconf 88' lang='lat' dir='ltr'>non</span> <span class='ocrx_word' id='word_1_207' title='bbox 625 3002 1066 3068; x_wconf 88' lang='lat' dir='ltr'>confitendum</span> <span class='ocrx_word' id='word_1_208' title='bbox 1116 3000 1322 3064; x_wconf 74' lang='lat' dir='ltr'>modo</span> <span class='ocrx_word' id='word_1_209' title='bbox 1368 2998 1624 3077; x_wconf 77' lang='lat' dir='ltr'>fuisset,</span> <span class='ocrx_word' id='word_1_210' title='bbox 1674 2995 1911 3062; x_wconf 69' lang='lat' dir='ltr'>veriim</span> <span class='ocrx_word' id='word_1_211' title='bbox 1965 2997 2165 3065; x_wconf 80' lang='lat' dir='ltr'>etiam</span> 
     </span>
     <span class='ocr_line' id='line_1_27' title="bbox 210 3113 915 3196; baseline -0.003 -19"><span class='ocrx_word' id='word_1_212' title='bbox 210 3113 755 3196; x_wconf 85' lang='lat' dir='ltr'>praedicandum.</span> <span class='ocrx_word' id='word_1_213' title='bbox 846 3117 915 3190; x_wconf 44' lang='grc' dir='ltr'><em>ᾗ</em></span> 
     </span>
    </p>

    <p class='ocr_par' dir='ltr' id='par_1_3' title="bbox 204 3218 2167 3639">
     <span class='ocr_line' id='line_1_28' title="bbox 308 3218 2167 3305; baseline -0.002 -19"><span class='ocrx_word' id='word_1_214' title='bbox 308 3222 529 3286; x_wconf 88' lang='lat' dir='ltr'>XXX.</span> <span class='ocrx_word' id='word_1_215' title='bbox 579 3223 870 3302; x_wconf 88' lang='lat' dir='ltr'>Etenim,</span> <span class='ocrx_word' id='word_1_216' title='bbox 905 3219 960 3285; x_wconf 88' lang='lat' dir='ltr'>si</span> <span class='ocrx_word' id='word_1_217' title='bbox 993 3220 1064 3285; x_wconf 88' lang='lat' dir='ltr'>id</span> <span class='ocrx_word' id='word_1_218' title='bbox 1093 3241 1231 3283; x_wconf 85' lang='lat' dir='ltr'>non</span> <span class='ocrx_word' id='word_1_219' title='bbox 1256 3232 1479 3303; x_wconf 83' lang='lat' dir='ltr'>negat,</span> <span class='ocrx_word' id='word_1_220' title='bbox 1509 3240 1594 3282; x_wconf 85' lang='lat' dir='ltr'>ex</span> <span class='ocrx_word' id='word_1_221' title='bbox 1625 3240 1756 3303; x_wconf 88' lang='lat' dir='ltr'>quo</span> <span class='ocrx_word' id='word_1_222' title='bbox 1787 3218 1949 3283; x_wconf 86' lang='lat' dir='ltr'>nibil</span> <span class='ocrx_word' id='word_1_223' title='bbox 1980 3220 2167 3305; x_wconf 82' lang='lat' dir='ltr'>petit,</span> 
     </span>
     <span class='ocr_line' id='line_1_29' title="bbox 207 3328 2165 3419; baseline -0.002 -23"><span class='ocrx_word' id='word_1_224' title='bbox 207 3331 348 3396; x_wconf 85' lang='lat' dir='ltr'>nisi</span> <span class='ocrx_word' id='word_1_225' title='bbox 382 3347 456 3397; x_wconf 90' lang='lat' dir='ltr'>ut</span> <span class='ocrx_word' id='word_1_226' title='bbox 490 3333 906 3419; x_wconf 76' lang='lat' dir='ltr'>ignoscatur3</span> <span class='ocrx_word' id='word_1_227' title='bbox 954 3331 1280 3396; x_wconf 86' lang='lat' dir='ltr'>dubitaret</span> <span class='ocrx_word' id='word_1_228' title='bbox 1312 3329 1382 3394; x_wconf 89' lang='lat' dir='ltr'>id</span> <span class='ocrx_word' id='word_1_229' title='bbox 1423 3328 1636 3410; x_wconf 82' lang='lat' dir='ltr'>fateri,</span> <span class='ocrx_word' id='word_1_230' title='bbox 1688 3352 1770 3395; x_wconf 81' lang='lat' dir='ltr'>ex</span> <span class='ocrx_word' id='word_1_231' title='bbox 1802 3354 1933 3415; x_wconf 90' lang='lat' dir='ltr'>quo</span> <span class='ocrx_word' id='word_1_232' title='bbox 1967 3331 2165 3394; x_wconf 85' lang='lat' dir='ltr'>etiam</span> 
     </span>
     <span class='ocr_line' id='line_1_30' title="bbox 209 3423 2164 3529; baseline -0.006 -20"><span class='ocrx_word' id='word_1_233' title='bbox 209 3423 517 3529; x_wconf 72' lang='lat' dir='ltr'>praemia</span> <span class='ocrx_word' id='word_1_234' title='bbox 545 3443 762 3510; x_wconf 85' lang='lat' dir='ltr'>laudis</span> <span class='ocrx_word' id='word_1_235' title='bbox 794 3456 1012 3507; x_wconf 86' lang='lat' dir='ltr'>essent</span> <span class='ocrx_word' id='word_1_236' title='bbox 1039 3440 1368 3527; x_wconf 80' lang='lat' dir='ltr'>petenda?</span> <span class='ocrx_word' id='word_1_237' title='bbox 1413 3439 1540 3505; x_wconf 87' lang='lat' dir='ltr'>nisi</span> <span class='ocrx_word' id='word_1_238' title='bbox 1573 3439 1732 3505; x_wconf 75' lang='lat' dir='ltr'>vero</span> <span class='ocrx_word' id='word_1_239' title='bbox 1766 3438 2014 3521; x_wconf 66' lang='lat' dir='ltr'>gratius</span> <span class='ocrx_word' id='word_1_240' title='bbox 2044 3458 2164 3520; x_wconf 87' lang='lat' dir='ltr'>pn-</span> 
     </span>
     <span class='ocr_line' id='line_1_31' title="bbox 204 3544 2160 3639; baseline -0.006 -19"><span class='ocrx_word' id='word_1_241' title='bbox 204 3566 313 3620; x_wconf 84' lang='lat' dir='ltr'>tat</span> <span class='ocrx_word' id='word_1_242' title='bbox 344 3576 489 3619; x_wconf 91' lang='lat' dir='ltr'>esse</span> <span class='ocrx_word' id='word_1_243' title='bbox 520 3555 733 3635; x_wconf 88' lang='lat' dir='ltr'>vobis,</span> <span class='ocrx_word' id='word_1_244' title='bbox 765 3553 866 3618; x_wconf 88' lang='lat' dir='ltr'>sui</span> <span class='ocrx_word' id='word_1_245' title='bbox 903 3575 974 3618; x_wconf 88' lang='lat' dir='ltr'>se</span> <span class='ocrx_word' id='word_1_246' title='bbox 1008 3552 1266 3639; x_wconf 87' lang='lat' dir='ltr'>capitis,</span> <span class='ocrx_word' id='word_1_247' title='bbox 1312 3550 1509 3636; x_wconf 70' lang='lat' dir='ltr'>quam</span> <span class='ocrx_word' id='word_1_248' title='bbox 1540 3547 1743 3616; x_wconf 87' lang='lat' dir='ltr'>vestri</span> <span class='ocrx_word' id='word_1_249' title='bbox 1776 3544 2024 3611; x_wconf 87' lang='lat' dir='ltr'>ordinis</span> <span class='ocrx_word' id='word_1_250' title='bbox 2048 3546 2160 3612; x_wconf 90' lang='lat' dir='ltr'>de-</span> 
     </span>
    </p>
   </div>
   <div class='ocr_carea' id='block_1_3' title="bbox 213 3709 2190 3865">
    <p class='ocr_par' dir='ltr' id='par_1_4' title="bbox 213 3709 2190 3865">
     <span class='ocr_line' id='line_1_32' title="bbox 283 3709 2190 3798; baseline -0.004 -21"><span class='ocrx_word' id='word_1_251' title='bbox 283 3729 334 3777; x_wconf 86' lang='lat'>5.</span> <span class='ocrx_word' id='word_1_252' title='bbox 386 3730 494 3778; x_wconf 66' lang='lat' dir='ltr'>Res</span> <span class='ocrx_word' id='word_1_253' title='bbox 517 3731 1009 3798; x_wconf 48' lang='lat' dir='ltr'>‹limnas—Statue&amp;</span> <span class='ocrx_word' id='word_1_254' title='bbox 1035 3734 1391 3793; x_wconf 54' lang='lat' dir='ltr'>monument&amp;</span> <span class='ocrx_word' id='word_1_255' title='bbox 1427 3724 1683 3787; x_wconf 75' lang='lat' dir='ltr'>columns,</span> <span class='ocrx_word' id='word_1_256' title='bbox 1717 3727 1822 3798; x_wconf 60' lang='lat' dir='ltr'>&#39;etcg</span> <span class='ocrx_word' id='word_1_257' title='bbox 1856 3718 2075 3778; x_wconf 74' lang='lat' dir='ltr'>erected</span> <span class='ocrx_word' id='word_1_258' title='bbox 2115 3709 2190 3769; x_wconf 74' lang='lat' dir='ltr'>in</span> 
     </span>
     <span class='ocr_line' id='line_1_33' title="bbox 213 3793 790 3865; baseline 0.01 -19"><span class='ocrx_word' id='word_1_259' title='bbox 213 3793 431 3849; x_wconf 79' lang='lat' dir='ltr'>honour</span> <span class='ocrx_word' id='word_1_260' title='bbox 451 3793 516 3851; x_wconf 73' lang='lat' dir='ltr'>of</span> <span class='ocrx_word' id='word_1_261' title='bbox 526 3795 619 3854; x_wconf 78' lang='lat' dir='ltr'>the</span> <span class='ocrx_word' id='word_1_262' title='bbox 639 3796 790 3865; x_wconf 79' lang='lat' dir='ltr'>gods.</span> 
     </span>
    </p>
   </div>
  </div>
 </body>
</html>
