2382 4110
678 168 942 220 omno
971 156 1061 233 m
1107 168 1190 220 m
1224 171 1282 220 ι.
1314 168 1730 227 εΑτιιιιιΑιι.
2101 174 2171 248 μ

207 341 450 421 multu,
500 338 745 403 bellum
776 336 1157 405 intestinum
1188 362 1265 404 ac
1298 340 1751 421 domesticum,
1804 355 1954 426 post
1982 340 2170 407 hom-

206 436 397 515 inum
451 442 862 511 memoriam'
893 446 1419 514 crudelissimum
1474 472 1549 515 ac
1590 440 1979 533 maximum,
2028 450 2170 518 ’nie

209 580 342 623 uno
374 571 605 643 togato
637 558 804 622 duce
838 571 903 622 et
931 558 1348 644 imperatore,
1379 560 1645 625 sedetur
1674 588 1692 637 ς
1725 564 1905 647 quod
1935 585 2059 648 ego
2073 563 2169 628 sic

207 667 711 747 administrabo,
734 665 1056 748 Quirites,
1105 682 1202 749 ut,
1253 669 1310 732 si
1341 668 1476 733 ullo
1507 670 1709 733 modo
1739 670 1879 734 fieri
1909 673 2173 757 poterit,

210 798 292 839 ne
325 775 663 859 improbus
720 774 987 858 quidem
1039 775 1389 861 quisquam
1435 777 1503 840 in
1553 778 1671 842 hac
1704 778 1863 842 urbe
1893 798 2171 865 poenam

219 884 324 966 sui
356 882 622 948 sceleris
656 883 941 948 sufferat.
1031 884 1164 948 Sed
1195 885 1251 948 si
1283 885 1385 949 vis
1416 884 1803 950 manifestae
1836 886 2174 972 audaciae,

216 994 273 1059 si
305 993 691 1080 impendens
726 984 973 1078 patriae
1003 993 1367 1078 periculum
1395 1016 1502 1059 me
1535 994 1903 1060 necessario
1936 996 2020 1060 de
2052 996 2172 1060 hic

215 1094 417 1170 animi
471 1104 736 1168 lenime
792 1104 1204 1183 deduxerint,
1257 1104 1422 1169 illud
1474 1103 1767 1190 profecto
1810 1106 2168 1191 perficiam,

217 1216 401 1301 quod
433 1215 501 1278 in
530 1228 713 1279 tanto
745 1229 811 1279 et
839 1228 976 1278 tam
1008 1214 1329 1280 insidioso
1359 1215 1530 1279 bello
1552 1215 1669 1280 vix
1690 1216 2047 1301 optandum
2068 1218 2170 1282 vi-

215 1326 436 1405 detur,
468 1337 541 1388 ut
571 1346 657 1387 ne
690 1324 838 1409 quis
868 1326 1075 1389 bonus
1109 1326 1407 1406 intereat,
1436 1346 1923 1411 paucorumque
1964 1329 2173 1412 poena

216 1459 343 1502 vos
375 1457 602 1500 omnes
623 1435 768 1520 jam
792 1434 957 1500 salvi
991 1456 1130 1499 esse
1161 1416 1453 1521 possitis.
1545 1434 1734 1512 Quae
1756 1436 2025 1521 quidem
2045 1458 2171 1522 ego

213 1568 432 1630 neque
464 1549 608 1610 mea
638 1546 1006 1631 prudentia,
1048 1569 1261 1630 neque
1306 1547 1609 1613 humanis
1643 1548 1929 1613 consiliis
1961 1547 2170 1613 fretus

181 1658 534 1743 ,polliceor
564 1644 773 1737 vobis,
810 1657 1106 1733 Quirites
1132 1681 1151 1720 z
1198 1659 1316 1721 sed
1367 1659 1615 1745 multis,
1665 1673 1732 1721 et
1781 1680 1912 1722 non
1954 1659 2172 1724 dubiis

221 1773 543 1836 ¹deorum
592 1755 1060 1834 immortalium
1113 1769 1721 1854 significationibus,
1762 1770 1996 1852 quibus
2047 1792 2171 1854 ego

214 1882 499 1946 ducibus
552 1880 618 1943 in
650 1881 812 1944 hanc
846 1902 1027 1966 spem
1059 1879 1577 1961 sententiamque
1609 1900 1754 1941 sum
1787 1878 2115 1963 ingressus
2150 1896 2170 1943 ι·

216 1991 336 2075 qui
357 1991 504 2076 jam
536 2010 663 2054 non
697 1990 943 2075 procul,
981 1995 1094 2052 ’ut
1122 1991 1454 2074 quondam
1487 1989 1798 2070 solebant,
1843 1989 1924 2053 ab
1948 2003 2173 2055 extero

218 2102 408 2167 hoste
445 2117 637 2186 atque
669 2104 1049 2187 longinquo,
1081 2103 1199 2166 sed
1229 2103 1339 2165 hie
1374 2117 1737 2187 praesentes
1764 2126 1883 2168 suo
1906 2105 2172 2171 numine

221 2227 424 2298 atque
455 2215 701 2278 auxilio
735 2238 853 2278 sua
884 2215 1146 2299 templa,
1203 2230 1398 2299 atque
1452 2215 1629 2278 urbis
1680 2229 1851 2279 tecta
1898 2214 2169 2280 defend·

221 2336 384 2387 unt:
422 2345 587 2406 quos
621 2346 764 2403 vos,
799 2323 1118 2402 Quirites„
1149 2324 1421 2408 precari,
1452 2324 1772 2404 venerari,
1812 2338 2006 2407 atque
2046 2324 2169 2388 im·

220 2432 478 2517 plorare
512 2433 805 2496 debetist
862 2447 936 2497 ut
981 2455 1176 2516 quam
1218 2434 1445 2497 urbem
1477 2433 2003 2519 pulcherrimam,
2053 2434 2169 2497 flo-

220 2523 688 2620 rentissimam,
740 2542 1389 2626 potentissimamque
1421 2563 1563 2604 esse
1592 2543 1964 2621 voluerunt,
2004 2541 2172 2605 hanc

220 2650 528 2715 omnibus
560 2649 847 2714 hostium
881 2650 1081 2734 copiis
1113 2653 1286 2714 terra
1308 2643 1602 2732 marique
1623 2648 1943 2732 superatis
1965 2667 2006 2711 a
2025 2669 2170 2732 per·

223 2762 703 2827 ditissimorum
736 2762 980 2826 civium
1011 2760 1263 2865 nefario
1296 2760 1538 2825 scelere
1572 2756 1945 2822 defendant.

290 2944 340 2994 9.
374 2944 473 2992 ‚Me
489 2959 584 2992 ww
606 2953 770 3010 togato
794 2942 1093 2992 duce—The
1116 2953 1234 3007 toga
1255 2956 1361 2992 was
1380 2939 1483 2992 the
1508 2939 1635 2992 robe
1666 2937 1731 2990 of
1760 2954 1957 3006 peace3
2017 2943 2175 3005 togati

224 3008 270 3059 is
292 3008 452 3060 osten
465 3004 702 3074 opposed
721 3017 777 3060 to
796 3014 989 3059 armati.

298 3080 343 3126 1
402 3077 624 3128 Deum
658 3079 992 3131 mmomalinmz
1026 3074 1773 3152 watinum—Plutarch
1804 3073 2017 3133 rdates,
2056 3073 2177 3126 that

228 3143 382 3193 while
401 3142 494 3192 the
520 3143 703 3192 Vestal
722 3143 938 3209 Virgine
961 3158 1098 3193 were
1133 3142 1457 3208 pet-forming·
1477 3142 1663 3193 sacred
1692 3141 1822 3193 rites
1859 3141 1912 3190 in
1943 3142 2143 3191 Cicero’
2145 3157 2172 3191 s

226 3208 392 3260 house
412 3207 498 3260 fior
512 3209 605 3259 the
627 3208 798 3275 safety
815 3208 878 3259 of
887 3210 982 3259 the
1000 3210 1209 3275 people,
1231 3225 1264 3259 a
1282 3207 1435 3260 fiame
1452 3208 1711 3274 suddenly
1727 3208 1909 3259 issued
1927 3206 2066 3258 from
2078 3207 2173 3258 the

230 3277 374 3332 altar.
443 3279 607 3342 Many
624 3278 776 3328 other
797 3291 979 3328 omens
999 3276 1278 3341 happened
1298 3277 1460 3328 about
1478 3277 1585 3327 this
1605 3276 1752 3336 time,
1775 3274 1837 3326 of
1850 3275 2022 3325 which
2060 3273 2174 3325 Cic-

229 3358 322 3393 ero
343 3343 499 3393 made
521 3357 618 3392 use
639 3360 696 3393 as
716 3358 896 3396 means
918 3355 976 3393 to
997 3344 1169 3394 excite
1193 3344 1246 3392 in
1266 3343 1357 3393 the
1380 3344 1568 3407 people
1593 3360 1625 3392 a
1647 3358 1797 3392 sense
1822 3341 1883 3392 of
1895 3342 2034 3392 their
2049 3341 2174 3391 dan-

229 3425 344 3476 ger,
367 3410 474 3460 and
488 3417 547 3460 to
566 3411 829 3475 persuade
848 3411 999 3461 them
1019 3410 1136 3461 that
1153 3411 1246 3461 the
1268 3411 1413 3460 Gods
1431 3410 1721 3462 interested
1758 3409 2172 3462 themselvesm
2117 3407 2129 3419 ⁰

229 3476 320 3529 the
338 3477 697 3555 preservation
717 3476 779 3528 of
799 3478 892 3529 the
914 3477 1036 3543 city.
1104 3478 1281 3527 These
1301 3492 1483 3528 omens
1524 3491 1615 3527 are
1652 3490 1797 3527 more
1834 3473 2175 3541 particularly

229 3543 567 3595 mentioned
554 3559 607 3594 m
629 3545 724 3596 the
741 3544 1063 3611 succeeding·
1080 3545 1295 3596 oration.

297 3616 345 3665 2
387 3614 460 3663 Ut
494 3608 1079 3677 quondam-Referring·
1095 3620 1154 3662 to
1172 3611 1266 3662 the
1305 3578 1675 3676 cmhaginian
1712 3623 1839 3669 war,
1877 3608 1980 3659 and
2019 3605 2172 3658 other

232 3678 407 3742 times,
430 3676 1840 3749 wheuuomewnindsngetfromafoeeignemmy
1892 3699 1899 3708 ·
