2382 4110
270 151 370 209 280
793 155 1054 204 ORATIO
1084 157 1163 204 IN
1199 156 1275 204 M.
1309 156 1711 224 AN'IJONIUM.

336 303 495 394 ‚1V.
543 301 642 366 At
674 303 869 366 etiam
900 304 1147 381 literas,
1181 324 1344 385 quas
1376 323 1481 366 me
1515 302 1636 365 sibi
1662 302 1922 367 misisse
1954 293 2192 386 diceret}

277 412 574 478 recitavit
604 413 802 476 homo
826 427 892 476 et
923 412 1345 478 humanitatis
1379 433 1609 496 expers
1641 427 1708 476 et
1732 412 1909 477 vitae
1930 404 2193 479 commu-

278 526 377 612 nis
411 524 696 610 ignarus.
788 526 964 602 Quis
996 525 1167 589 enim
1201 548 1512 608 unquam,
1546 524 1656 608 qui
1703 525 2046 609 paululum
2075 543 2194 591 mo-

276 636 366 699 do
398 637 720 700 bonorum
753 637 1286 701 consuetudinem
1318 639 1565 714 nosset,
1619 636 1841 700 literas
1896 638 1981 701 ad
2031 661 2098 702 se
2133 641 2197 703 ab

276 747 492 812 amico
513 746 769 825 missaS,
814 745 1162 809 offensione
1184 743 1437 834 aliqua
1419 744 1818 829 interposita,
1843 744 1910 807 in
1932 746 2200 866 medium

224 834 571 939 protfflit,
603 853 941 940 palamque
973 855 1315 919 recitavit.
1302 855 1324 895 Ρ
1374 854 1563 929 Quid
1597 869 1698 918 est
1728 855 1914 918 aliud
1935 826 2149 920 tollere
2173 880 2205 919 e

282 966 411 1029 vita
435 966 605 1029 vita'e
638 965 1040 1045 societatem,
1094 987 1293 1049 quam
1348 937 1578 1031 tollgre
1625 967 1988 1031 amicorum
2019 968 2196 1030 collo-

281 1075 433 1159 quia
464 1075 885 1168 absentium?
934 1098 1131 1160 quam
1162 1077 1422 1141 multa
1391 1074 1548 1163 Joca
1569 1077 1780 1141 solent
1801 1100 1943 1141 esse
1973 1077 2039 1141 in
2063 1079 2203 1163 epis·

277 1186 453 1265 tolis,
485 1208 651 1271 quae
676 1183 928 1271 prolata
950 1189 1006 1252 si
1029 1188 1178 1267 sint,
1201 1189 1419 1273 inepta
1442 1211 1583 1253 esse
1606 1190 1955 1254 videantur
1979 1190 2003 1252 ?
2029 1191 2201 1274 quam

273 1299 487 1363 multa
517 1300 708 1379 seria,
739 1321 951 1384 neque
981 1315 1202 1363 tamen
1235 1303 1368 1364 ullo
1402 1302 1602 1365 modo
1632 1302 2031 1387 divulganda
2068 1302 2091 1365 Ξ
2117 1302 2195 1384 Sit

279 1411 402 1476 hoc
424 1413 913 1477 inhumanitatis
929 1428 1113 1477 tuae.
1144 1415 1488 1478 stultitiam
1513 1415 1964 1480 incredibilem
1982 1416 2198 1480 videte.

283 1521 468 1596 Quid
498 1522 722 1598 habes,
774 1527 952 1600 quod
1005 1524 1172 1585 mihi
1227 1521 1539 1603 opponas,
1592 1522 1794 1586 homo
1848 1523 2094 1627 dnserte,
2127 1536 2198 1586 nt

285 1630 684 1695 ’Mustellae
716 1627 1016 1692 Tamisio
1048 1642 1116 1690 et
1147 1628 1380 1691 Tironi
1418 1631 1738 1693 Numisio
1771 1601 2067 1694 videris.
2043 1630 2086 1674 Ρ
2099 1629 2198 1715 qui

282 1763 434 1806 cum
465 1740 638 1804 hoc
621 1761 764 1824 ipso
796 1753 1089 1823 tempore
1120 1751 1292 1801 stent
1324 1759 1474 1801 cum
1508 1738 1795 1821 gladiis
1778 1759 1848 1801 ιιι
1879 1753 2202 1865 conspectu

280 1854 585 1930 Senatus,
616 1871 741 1935 ego
775 1867 1032 1962 quoque
1065 1862 1129 1913 te
1152 1849 1469 1912 disertum
1499 1848 1768 1933 putabo,
1825 1849 1883 1913 si
1927 1812 2206 1913 ostende-

281 1964 417 2045 ris,
428 1984 562 2046 quo
596 1961 795 2027 modo
828 1961 918 2025 sis
951 1984 1063 2024 eos
1095 1960 1285 2025 inter
1297 1961 1566 2024 sicarios
1590 1960 2001 2025 defensurus·
2089 1955 2208 2032 Sed

282 2075 444 2157 quid
476 2096 764 2160 opponas
795 2075 1082 2153 tandem,
1115 2072 1171 2136 si
1203 2094 1438 2156 negem
1470 2092 1900 2156 meunquam
1932 2072 2087 2137 istas
2111 2071 2212 2137 lit-³

281 2210 425 2251 eras
440 2189 527 2251 ad
546 2203 610 2252 te
634 2189 930 2252 misisse?
964 2209 1096 2271 quo
1121 2208 1225 2250 me
1251 2199 1413 2250 teste
1438 2184 1824 2251 convincas?
1858 2208 1944 2250 an
1967 2185 2206 2269 chiroga

280 2298 529 2386 rapho?
582 2299 687 2362 ‘in
716 2293 871 2383 ,quo
913 2299 1113 2363 habes
1156 2299 1496 2363 scientiam
1559 2312 2060 2384 quaestuosam:
2105 2293 2214 2380 q'ui

279 2409 489 2497 possis
515 2410 537 2472 ἰ
586 2425 735 2474 sunt
765 2409 941 2473 enim
974 2409 1226 2474 librarii
1256 2426 1476 2474 manu.
1568 2411 1720 2492 Jam
1744 2408 2015 2473 invideo
2041 2400 2216 2490 mag*

282 2523 441 2586 istro
473 2536 612 2602 tuo,
644 2522 756 2606 qui
787 2537 851 2586 te
907 2525 1082 2586 tanta
1121 2520 1447 2602 mercede,
1481 2512 1790 2605 quantam
1823 2519 1982 2604 ‘jam
2013 2498 2214 2602 profit

280 2658 447 2717 ram,
479 2636 641 2700 nihil
674 2658 898 2722 sapere
931 2637 1185 2701 doceat.
1282 2635 1468 2711 Quid
1500 2634 1674 2698 enim
1709 2648 1809 2697 est
1837 2631 2063 2695 minus
2092 2644 2214 2692 non

281 2748 432 2812 dico
464 2748 763 2829 oratoriS,
796 2748 915 2811 sed
945 2746 1249 2825 hominis,
1286 2768 1483 2829 quam
1538 2746 1609 2808 id
1652 2735 1976 2840 objicere.
1997 2738 2215 2804 adver-

283 2858 478 2935 sario,
513 2857 688 2940 quod
738 2857 842 2919 ille
901 2857 955 2920 si
1012 2879 1053 2918 v
1060 2878 1128 2917 ei
1129 2855 1212 2916 bo
1267 2856 1545 2938 negarit,
1601 2849 1868 2936 longius
1923 2824 2221 2933 progredi
2317 2928 2318 2943 χ

280 2990 410 3030 non
442 2969 669 3050 possit,
704 2968 849 3050 qui
871 2948 1218 3053 objeceiit.
1205 2968 1225 3007 Ρ
1279 2966 1376 3028 At
1408 2988 1530 3049 ego
1581 2985 1711 3026 non
1763 2983 1980 3046 nego.
2035 2968 2221 3041 teque

284 3078 350 3141 in
383 3078 507 3141 isto
542 3078 683 3159 ipso
735 3079 1048 3141 convinco
1090 3099 1221 3139 non
1276 3060 1764 3137 inhumanitatis
1817 3054 2084 3147 soltfmss
2110 3062 2228 3128 sed

282 3183 480 3247 etiam
527 3184 891 3257 amentiae3
940 3185 1119 3266 quod
1175 3173 1352 3244 enim
1404 3182 1675 3246 verbum
1731 3178 1799 3241 in
1842 3177 1990 3241 istis
2017 3154 2224 3238 lite'r'is

282 3310 380 3361 est
424 3316 553 3358 non
598 3292 862 3378 plenum
913 3292 1176 3356 humani
1161 3292 1358 3372 tatiS,
1412 3291 1629 3369 officii,
1677 3284 2220 3352 benevolentiae.
2202 3280 2226 3323 Ρ

348 3467 397 3515 5.
436 3464 720 3522 Uestellae,
745 3471 831 3511 etc.
834 3461 986 3510 -Au
1005 3460 1154 3512 that
1143 3479 1186 3510 is
1205 3461 1396 3509 known
1419 3458 1481 3508 of
1504 3459 1659 3508 these
1689 3469 1815 3504 men
1849 3453 1916 3513 is,
1956 3451 2075 3502 that
2101 3447 2231 3513 they

284 3545 423 3582 were
447 3532 659 3581 iuffians
681 3529 957 3594 employed
980 3529 1048 3592 by
1072 3530 1307 3592 Antony3
1344 3526 1518 3576 inite-1·
1504 3533 1585 3575 ite
1609 3522 1830 3582 follows,
1852 3520 1960 3571 and
1983 3512 2234 3585 qmlffied
2315 3574 2316 3597 Χ

282 3599 404 3662 only
421 3607 476 3648 to
499 3606 719 3647 execute
743 3597 824 3644 his
847 3594 1020 3644 brutal
1041 3609 1311 3658 purposes.

353 3664 398 3709 6
433 3667 494 3712 In
518 3682 626 3727 quo,
650 3675 738 3713 etc.
739 3661 1084 3725 -Referring
1103 3668 1159 3708 to
1176 3663 1279 3708 An
1263 3661 1427 3727 ony’s
1441 3657 1697 3725 inserting
1715 3655 1924 3707 various
1948 3647 2195 3729 clau-ses
2180 3664 2236 3699 ιιι

282 3726 489 3778 Caesar’
493 3746 517 3778 s
542 3746 586 3778 ιι
590 3730 644 3778 ill
666 3730 767 3779 and
790 3730 940 3779 other
961 3742 1164 3794 papers.

1909 3838 1930 3867 t
