<?xml version="1.0" encoding="UTF-8"?>
<!DOCTYPE html PUBLIC "-//W3C//DTD XHTML 1.0 Transitional//EN"
    "http://www.w3.org/TR/xhtml1/DTD/xhtml1-transitional.dtd">
<html xmlns="http://www.w3.org/1999/xhtml" xml:lang="en" lang="en">
 <head>
  <title>
</title>
<meta http-equiv="Content-Type" content="text/html;charset=utf-8" />
  <meta name='ocr-system' content='tesseract 3.04.00' />
  <meta name='ocr-capabilities' content='ocr_page ocr_carea ocr_par ocr_line ocrx_word'/>
</head>
<body>
  <div class='ocr_page' id='page_1' title='image "./orationesquaeda03cicegoog/orationesquaeda03cicegoog_0063.png"; bbox 0 0 2382 4110; ppageno 0'>
   <div class='ocr_carea' id='block_1_1' title="bbox 45 2999 90 3362">
    <p class='ocr_par' dir='ltr' id='par_1_1' title="bbox 41 2961 90 3362">
     <span class='ocr_line' id='line_1_1' title="bbox 45 2999 90 3362; baseline 0 0"><span class='ocrx_word' id='word_1_1' title='bbox 45 2999 90 3362; x_wconf 77' lang='grc' dir='ltr'>ἰ</span> 
     </span>
    </p>
   </div>
   <div class='ocr_carea' id='block_1_2' title="bbox 55 3455 86 3530">
    <p class='ocr_par' dir='ltr' id='par_1_2' title="bbox 55 3455 86 3530">
     <span class='ocr_line' id='line_1_2' title="bbox 55 3455 86 3530; baseline 0 0"><span class='ocrx_word' id='word_1_2' title='bbox 55 3455 86 3530; x_wconf 73' lang='lat' dir='ltr'><strong>l</strong></span> 
     </span>
    </p>
   </div>
   <div class='ocr_carea' id='block_1_3' title="bbox 680 105 2163 173">
    <p class='ocr_par' dir='ltr' id='par_1_3' title="bbox 680 105 2163 173">
     <span class='ocr_line' id='line_1_3' title="bbox 680 105 2163 173; baseline -0.001 -16"><span class='ocrx_word' id='word_1_3' title='bbox 680 106 938 157; x_wconf 72' lang='lat' dir='ltr'><strong>ORATIO</strong></span> <span class='ocrx_word' id='word_1_4' title='bbox 970 107 1057 156; x_wconf 84' lang='lat' dir='ltr'><strong>m.</strong></span> <span class='ocrx_word' id='word_1_5' title='bbox 1109 106 1186 155; x_wconf 74' lang='lat' dir='ltr'><strong>m</strong></span> <span class='ocrx_word' id='word_1_6' title='bbox 1218 108 1277 155; x_wconf 79' lang='lat'><strong>1..</strong></span> <span class='ocrx_word' id='word_1_7' title='bbox 1310 105 1724 157; x_wconf 58' lang='lat' dir='ltr'><strong>CATILINAM.</strong></span> <span class='ocrx_word' id='word_1_8' title='bbox 2097 112 2163 173; x_wconf 65' lang='lat'><strong>57</strong></span> 
     </span>
    </p>
   </div>
   <div class='ocr_carea' id='block_1_4' title="bbox 214 252 2169 2219">
    <p class='ocr_par' dir='ltr' id='par_1_4' title="bbox 214 252 2169 2219">
     <span class='ocr_line' id='line_1_4' title="bbox 229 252 2165 338; baseline -0.002 -15"><span class='ocrx_word' id='word_1_9' title='bbox 229 254 327 323; x_wconf 85' lang='lat' dir='ltr'><strong>uti</strong></span> <span class='ocrx_word' id='word_1_10' title='bbox 363 254 442 320; x_wconf 80' lang='lat' dir='ltr'><strong>C.</strong></span> <span class='ocrx_word' id='word_1_11' title='bbox 479 252 833 337; x_wconf 86' lang='lat' dir='ltr'>Cethegus,</span> <span class='ocrx_word' id='word_1_12' title='bbox 866 255 951 317; x_wconf 99' lang='lat' dir='ltr'><strong>L.</strong></span> <span class='ocrx_word' id='word_1_13' title='bbox 985 253 1298 334; x_wconf 87' lang='lat' dir='ltr'><strong>Statilius,</strong></span> <span class='ocrx_word' id='word_1_14' title='bbox 1333 252 1410 317; x_wconf 89' lang='lat' dir='ltr'><strong>P.</strong></span> <span class='ocrx_word' id='word_1_15' title='bbox 1439 254 1781 334; x_wconf 80' lang='lat' dir='ltr'>Gabinius,</span> <span class='ocrx_word' id='word_1_16' title='bbox 1801 252 1916 338; x_wconf 87' lang='lat' dir='ltr'><strong>qui</strong></span> <span class='ocrx_word' id='word_1_17' title='bbox 1940 274 2165 320; x_wconf 79' lang='lat' dir='ltr'><strong>omnes</strong></span> 
     </span>
     <span class='ocr_line' id='line_1_5' title="bbox 227 366 2167 456; baseline -0.002 -24"><span class='ocrx_word' id='word_1_18' title='bbox 227 382 598 456; x_wconf 80' lang='lat' dir='ltr'><strong>praesentes</strong></span> <span class='ocrx_word' id='word_1_19' title='bbox 656 380 859 447; x_wconf 88' lang='lat' dir='ltr'><strong>erant,</strong></span> <span class='ocrx_word' id='word_1_20' title='bbox 920 366 989 429; x_wconf 89' lang='lat' dir='ltr'><strong>in</strong></span> <span class='ocrx_word' id='word_1_21' title='bbox 1035 366 1400 429; x_wconf 82' lang='lat' dir='ltr'>custodiam</span> <span class='ocrx_word' id='word_1_22' title='bbox 1461 368 1913 431; x_wconf 80' lang='lat' dir='ltr'><strong>traderentur:</strong></span> <span class='ocrx_word' id='word_1_23' title='bbox 1971 380 2167 450; x_wconf 77' lang='lat' dir='ltr'><strong>atque</strong></span> 
     </span>
     <span class='ocr_line' id='line_1_6' title="bbox 230 476 2168 562; baseline -0.002 -18"><span class='ocrx_word' id='word_1_24' title='bbox 230 480 405 545; x_wconf 90' lang='lat' dir='ltr'><strong>idem</strong></span> <span class='ocrx_word' id='word_1_25' title='bbox 436 478 560 542; x_wconf 92' lang='lat' dir='ltr'><strong>hoc</strong></span> <span class='ocrx_word' id='word_1_26' title='bbox 594 478 931 541; x_wconf 90' lang='lat' dir='ltr'><strong>decretum</strong></span> <span class='ocrx_word' id='word_1_27' title='bbox 988 490 1089 540; x_wconf 90' lang='lat' dir='ltr'><strong>est</strong></span> <span class='ocrx_word' id='word_1_28' title='bbox 1119 476 1186 539; x_wconf 91' lang='lat' dir='ltr'><strong>in</strong></span> <span class='ocrx_word' id='word_1_29' title='bbox 1222 477 1305 539; x_wconf 94' lang='lat' dir='ltr'><strong>L.</strong></span> <span class='ocrx_word' id='word_1_30' title='bbox 1343 477 1666 557; x_wconf 83' lang='lat' dir='ltr'><strong>Cassium,</strong></span> <span class='ocrx_word' id='word_1_31' title='bbox 1718 477 1829 561; x_wconf 91' lang='lat' dir='ltr'><strong>qui</strong></span> <span class='ocrx_word' id='word_1_32' title='bbox 1861 476 1984 540; x_wconf 87' lang='lat' dir='ltr'><strong>sibi</strong></span> <span class='ocrx_word' id='word_1_33' title='bbox 2017 498 2168 562; x_wconf 87' lang='lat' dir='ltr'><strong>pro·</strong></span> 
     </span>
     <span class='ocr_line' id='line_1_7' title="bbox 230 566 2165 670; baseline -0.002 -17"><span class='ocrx_word' id='word_1_34' title='bbox 230 587 631 653; x_wconf 83' lang='lat' dir='ltr'><strong>curationem</strong></span> <span class='ocrx_word' id='word_1_35' title='bbox 682 585 1119 648; x_wconf 80' lang='lat' dir='ltr'><strong>incendendae</strong></span> <span class='ocrx_word' id='word_1_36' title='bbox 1171 566 1352 648; x_wconf 66' lang='lat' dir='ltr'><strong>urbis</strong></span> <span class='ocrx_word' id='word_1_37' title='bbox 1396 586 1899 670; x_wconf 82' lang='lat' dir='ltr'><strong>depoposcerat:</strong></span> <span class='ocrx_word' id='word_1_38' title='bbox 1952 585 2019 649; x_wconf 91' lang='lat' dir='ltr'><strong>in</strong></span> <span class='ocrx_word' id='word_1_39' title='bbox 2054 584 2165 649; x_wconf 87' lang='lat' dir='ltr'><strong>M.</strong></span> 
     </span>
     <span class='ocr_line' id='line_1_8' title="bbox 231 693 2166 780; baseline 0 -19"><span class='ocrx_word' id='word_1_40' title='bbox 231 695 644 780; x_wconf 83' lang='lat' dir='ltr'><strong>Caeparium,</strong></span> <span class='ocrx_word' id='word_1_41' title='bbox 678 693 780 757; x_wconf 91' lang='lat' dir='ltr'><strong>cui</strong></span> <span class='ocrx_word' id='word_1_42' title='bbox 817 696 902 757; x_wconf 90' lang='lat' dir='ltr'><strong>ad</strong></span> <span class='ocrx_word' id='word_1_43' title='bbox 943 695 1359 758; x_wconf 87' lang='lat' dir='ltr'><strong>solicitandos</strong></span> <span class='ocrx_word' id='word_1_44' title='bbox 1393 710 1684 780; x_wconf 84' lang='lat' dir='ltr'><strong>pastores</strong></span> <span class='ocrx_word' id='word_1_45' title='bbox 1722 696 2034 779; x_wconf 77' lang='lat' dir='ltr'><strong>Apuliam</strong></span> <span class='ocrx_word' id='word_1_46' title='bbox 2064 719 2166 761; x_wconf 86' lang='lat' dir='ltr'><strong>es-</strong></span> 
     </span>
     <span class='ocr_line' id='line_1_9' title="bbox 229 802 2169 890; baseline 0 -19"><span class='ocrx_word' id='word_1_47' title='bbox 229 830 295 877; x_wconf 84' lang='lat' dir='ltr'><strong>se</strong></span> <span class='ocrx_word' id='word_1_48' title='bbox 327 806 706 869; x_wconf 83' lang='lat' dir='ltr'><strong>attributam</strong></span> <span class='ocrx_word' id='word_1_49' title='bbox 739 820 879 868; x_wconf 88' lang='lat' dir='ltr'><strong>erat</strong></span> <span class='ocrx_word' id='word_1_50' title='bbox 929 802 1287 869; x_wconf 84' lang='lat' dir='ltr'><strong>indicatum</strong></span> <span class='ocrx_word' id='word_1_51' title='bbox 1315 829 1330 868; x_wconf 75' lang='lat' dir='ltr'><em>z</em></span> <span class='ocrx_word' id='word_1_52' title='bbox 1380 805 1447 869; x_wconf 88' lang='lat' dir='ltr'><strong>in</strong></span> <span class='ocrx_word' id='word_1_53' title='bbox 1481 807 1558 869; x_wconf 92' lang='lat' dir='ltr'><strong>P.</strong></span> <span class='ocrx_word' id='word_1_54' title='bbox 1592 806 1892 887; x_wconf 87' lang='lat' dir='ltr'><strong>Furium,</strong></span> <span class='ocrx_word' id='word_1_55' title='bbox 1925 807 2037 890; x_wconf 90' lang='lat' dir='ltr'><strong>qui</strong></span> <span class='ocrx_word' id='word_1_56' title='bbox 2070 821 2169 871; x_wconf 84' lang='lat' dir='ltr'><strong>est</strong></span> 
     </span>
     <span class='ocr_line' id='line_1_10' title="bbox 228 915 2168 1002; baseline 0.001 -21"><span class='ocrx_word' id='word_1_57' title='bbox 228 939 308 981; x_wconf 83' lang='lat' dir='ltr'><strong>cx</strong></span> <span class='ocrx_word' id='word_1_58' title='bbox 345 917 449 979; x_wconf 86' lang='lat' dir='ltr'><strong>his</strong></span> <span class='ocrx_word' id='word_1_59' title='bbox 483 915 751 995; x_wconf 88' lang='lat' dir='ltr'><strong>colonis,</strong></span> <span class='ocrx_word' id='word_1_60' title='bbox 806 934 968 1000; x_wconf 87' lang='lat' dir='ltr'><strong>quos</strong></span> <span class='ocrx_word' id='word_1_61' title='bbox 1025 917 1333 980; x_wconf 85' lang='lat' dir='ltr'><strong>Faesulas</strong></span> <span class='ocrx_word' id='word_1_62' title='bbox 1390 918 1474 980; x_wconf 95' lang='lat' dir='ltr'><strong>L.</strong></span> <span class='ocrx_word' id='word_1_63' title='bbox 1509 918 1688 1002; x_wconf 87' lang='lat' dir='ltr'><strong>Sylla</strong></span> <span class='ocrx_word' id='word_1_64' title='bbox 1732 918 2050 982; x_wconf 85' lang='lat' dir='ltr'><strong>deduxit:</strong></span> <span class='ocrx_word' id='word_1_65' title='bbox 2100 918 2168 983; x_wconf 89' lang='lat' dir='ltr'><strong>in</strong></span> 
     </span>
     <span class='ocr_line' id='line_1_11' title="bbox 232 1026 2165 1117; baseline 0.001 -27"><span class='ocrx_word' id='word_1_66' title='bbox 232 1029 317 1105; x_wconf 74' lang='lat' dir='ltr'><strong>Q.</strong></span> <span class='ocrx_word' id='word_1_67' title='bbox 378 1027 689 1117; x_wconf 72' lang='lat' dir='ltr'><strong>Magium</strong></span> <span class='ocrx_word' id='word_1_68' title='bbox 745 1026 1115 1108; x_wconf 78' lang='lat' dir='ltr'><strong>Chilonem,</strong></span> <span class='ocrx_word' id='word_1_69' title='bbox 1200 1029 1311 1111; x_wconf 90' lang='lat' dir='ltr'><strong>qui</strong></span> <span class='ocrx_word' id='word_1_70' title='bbox 1366 1026 1493 1093; x_wconf 65' lang='lat' dir='ltr'><strong>una</strong></span> <span class='ocrx_word' id='word_1_71' title='bbox 1557 1050 1708 1093; x_wconf 87' lang='lat' dir='ltr'><strong>cum</strong></span> <span class='ocrx_word' id='word_1_72' title='bbox 1776 1029 1902 1093; x_wconf 86' lang='lat' dir='ltr'><strong>hoc</strong></span> <span class='ocrx_word' id='word_1_73' title='bbox 1960 1027 2165 1092; x_wconf 84' lang='lat' dir='ltr'><strong>Furio</strong></span> 
     </span>
     <span class='ocr_line' id='line_1_12' title="bbox 227 1138 2165 1226; baseline 0.001 -21"><span class='ocrx_word' id='word_1_74' title='bbox 227 1162 483 1225; x_wconf 87' lang='lat' dir='ltr'><strong>semper</strong></span> <span class='ocrx_word' id='word_1_75' title='bbox 536 1153 684 1203; x_wconf 83' lang='lat' dir='ltr'><strong>erat·</strong></span> <span class='ocrx_word' id='word_1_76' title='bbox 724 1140 789 1204; x_wconf 90' lang='lat' dir='ltr'><strong>in</strong></span> <span class='ocrx_word' id='word_1_77' title='bbox 838 1139 954 1204; x_wconf 69' lang='lat' dir='ltr'><strong>hac</strong></span> <span class='ocrx_word' id='word_1_78' title='bbox 991 1139 1431 1226; x_wconf 80' lang='lat' dir='ltr'><strong>Allobrogum</strong></span> <span class='ocrx_word' id='word_1_79' title='bbox 1474 1138 1903 1205; x_wconf 87' lang='lat' dir='ltr'><strong>solicitatione</strong></span> <span class='ocrx_word' id='word_1_80' title='bbox 1932 1160 2165 1206; x_wconf 82' lang='lat' dir='ltr'><strong>versa-</strong></span> 
     </span>
     <span class='ocr_line' id='line_1_13' title="bbox 226 1248 2165 1334; baseline 0 -19"><span class='ocrx_word' id='word_1_81' title='bbox 226 1264 338 1315; x_wconf 83' lang='lat' dir='ltr'><strong>tus</strong></span> <span class='ocrx_word' id='word_1_82' title='bbox 366 1250 496 1312; x_wconf 63' lang='lat' dir='ltr'><strong>vin</strong></span> <span class='ocrx_word' id='word_1_83' title='bbox 550 1250 629 1313; x_wconf 92' lang='lat' dir='ltr'><strong>P.</strong></span> <span class='ocrx_word' id='word_1_84' title='bbox 665 1248 1079 1314; x_wconf 87' lang='lat' dir='ltr'><strong>Umbrenum</strong></span> <span class='ocrx_word' id='word_1_85' title='bbox 1121 1250 1527 1315; x_wconf 77' lang='lat' dir='ltr'><strong>’libertinum</strong></span> <span class='ocrx_word' id='word_1_86' title='bbox 1558 1250 1911 1330; x_wconf 85' lang='lat' dir='ltr'><strong>hominem,</strong></span> <span class='ocrx_word' id='word_1_87' title='bbox 1960 1271 1998 1313; x_wconf 83' lang='lat' dir='ltr'><strong>a</strong></span> <span class='ocrx_word' id='word_1_88' title='bbox 2031 1268 2165 1334; x_wconf 84' lang='lat' dir='ltr'><strong>quo</strong></span> 
     </span>
     <span class='ocr_line' id='line_1_14' title="bbox 222 1355 2160 1445; baseline 0.004 -26"><span class='ocrx_word' id='word_1_89' title='bbox 222 1355 515 1444; x_wconf 65' lang='lat' dir='ltr'><strong>primum</strong></span> <span class='ocrx_word' id='word_1_90' title='bbox 547 1357 773 1422; x_wconf 82' lang='lat' dir='ltr'><strong>Gallos</strong></span> <span class='ocrx_word' id='word_1_91' title='bbox 826 1361 910 1422; x_wconf 87' lang='lat' dir='ltr'><strong>ad</strong></span> <span class='ocrx_word' id='word_1_92' title='bbox 942 1356 1298 1425; x_wconf 84' lang='lat' dir='ltr'><strong>Gabinium</strong></span> <span class='ocrx_word' id='word_1_93' title='bbox 1350 1363 1698 1445; x_wconf 89' lang='lat' dir='ltr'><strong>perductos</strong></span> <span class='ocrx_word' id='word_1_94' title='bbox 1731 1382 1872 1425; x_wconf 85' lang='lat' dir='ltr'><strong>esse</strong></span> <span class='ocrx_word' id='word_1_95' title='bbox 1903 1356 2160 1426; x_wconf 60' lang='lat' dir='ltr'><strong>consti-</strong></span> 
     </span>
     <span class='ocr_line' id='line_1_15' title="bbox 226 1467 2168 1551; baseline 0.001 -20"><span class='ocrx_word' id='word_1_96' title='bbox 226 1469 360 1531; x_wconf 83' lang='lat' dir='ltr'><strong>bat.</strong></span> <span class='ocrx_word' id='word_1_97' title='bbox 457 1467 679 1551; x_wconf 87' lang='lat' dir='ltr'><strong>Atque</strong></span> <span class='ocrx_word' id='word_1_98' title='bbox 736 1470 809 1531; x_wconf 67' lang='lat' dir='ltr'><strong>ea</strong></span> <span class='ocrx_word' id='word_1_99' title='bbox 860 1468 1119 1533; x_wconf 85' lang='lat' dir='ltr'><strong>lenitate</strong></span> <span class='ocrx_word' id='word_1_100' title='bbox 1152 1470 1426 1534; x_wconf 87' lang='lat' dir='ltr'><strong>Senatus</strong></span> <span class='ocrx_word' id='word_1_101' title='bbox 1481 1484 1582 1535; x_wconf 89' lang='lat' dir='ltr'><strong>est</strong></span> <span class='ocrx_word' id='word_1_102' title='bbox 1633 1492 1811 1549; x_wconf 87' lang='lat' dir='ltr'><strong>usus,</strong></span> <span class='ocrx_word' id='word_1_103' title='bbox 1846 1467 2168 1548; x_wconf 76' lang='lat' dir='ltr'><strong>Quirites,</strong></span> 
     </span>
     <span class='ocr_line' id='line_1_16' title="bbox 222 1579 2164 1665; baseline 0 -22"><span class='ocrx_word' id='word_1_104' title='bbox 222 1590 298 1643; x_wconf 81' lang='lat' dir='ltr'><strong>ut</strong></span> <span class='ocrx_word' id='word_1_105' title='bbox 327 1600 416 1641; x_wconf 81' lang='lat' dir='ltr'><strong>ex</strong></span> <span class='ocrx_word' id='word_1_106' title='bbox 444 1581 622 1641; x_wconf 67' lang='lat' dir='ltr'><strong>tanta</strong></span> <span class='ocrx_word' id='word_1_107' title='bbox 653 1579 1120 1665; x_wconf 81' lang='lat' dir='ltr'><strong>conjuratione,</strong></span> <span class='ocrx_word' id='word_1_108' title='bbox 1157 1586 1463 1665; x_wconf 67' lang='lat' dir='ltr'><strong>tantaque</strong></span> <span class='ocrx_word' id='word_1_109' title='bbox 1510 1580 1582 1645; x_wconf 84' lang='lat' dir='ltr'><strong>vi</strong></span> <span class='ocrx_word' id='word_1_110' title='bbox 1615 1600 1690 1644; x_wconf 86' lang='lat' dir='ltr'><strong>ac</strong></span> <span class='ocrx_word' id='word_1_111' title='bbox 1740 1579 2164 1644; x_wconf 83' lang='lat' dir='ltr'><strong>multitudine</strong></span> 
     </span>
     <span class='ocr_line' id='line_1_17' title="bbox 218 1688 2163 1775; baseline -0.001 -20"><span class='ocrx_word' id='word_1_112' title='bbox 218 1691 731 1755; x_wconf 83' lang='lat' dir='ltr'><strong>domesticorum</strong></span> <span class='ocrx_word' id='word_1_113' title='bbox 774 1688 1091 1771; x_wconf 84' lang='lat' dir='ltr'><strong>hostium,</strong></span> <span class='ocrx_word' id='word_1_114' title='bbox 1140 1712 1378 1755; x_wconf 88' lang='lat' dir='ltr'><strong>novem</strong></span> <span class='ocrx_word' id='word_1_115' title='bbox 1407 1690 1748 1754; x_wconf 87' lang='lat' dir='ltr'><strong>hominum</strong></span> <span class='ocrx_word' id='word_1_116' title='bbox 1798 1691 2163 1775; x_wconf 68' lang='lat' dir='ltr'><strong>perditissis-</strong></span> 
     </span>
     <span class='ocr_line' id='line_1_18' title="bbox 214 1802 2168 1887; baseline 0.001 -23"><span class='ocrx_word' id='word_1_117' title='bbox 214 1820 479 1865; x_wconf 86' lang='lat' dir='ltr'><strong>morum</strong></span> <span class='ocrx_word' id='word_1_118' title='bbox 512 1805 735 1885; x_wconf 65' lang='lat' dir='ltr'><strong>poena,</strong></span> <span class='ocrx_word' id='word_1_119' title='bbox 766 1802 1016 1887; x_wconf 87' lang='lat' dir='ltr'><strong>republ.</strong></span> <span class='ocrx_word' id='word_1_120' title='bbox 1070 1806 1477 1881; x_wconf 70' lang='lat' dir='ltr'><strong>conservata,</strong></span> <span class='ocrx_word' id='word_1_121' title='bbox 1527 1802 1935 1885; x_wconf 78' lang='lat' dir='ltr'><strong>reliquorum</strong></span> <span class='ocrx_word' id='word_1_122' title='bbox 1985 1822 2168 1867; x_wconf 85' lang='lat' dir='ltr'><strong>men·</strong></span> 
     </span>
     <span class='ocr_line' id='line_1_19' title="bbox 214 1908 2164 1997; baseline 0.001 -23"><span class='ocrx_word' id='word_1_123' title='bbox 214 1922 312 1974; x_wconf 78' lang='lat' dir='ltr'><strong>tes</strong></span> <span class='ocrx_word' id='word_1_124' title='bbox 345 1911 563 1974; x_wconf 85' lang='lat' dir='ltr'><strong>sanari</strong></span> <span class='ocrx_word' id='word_1_125' title='bbox 605 1932 796 1996; x_wconf 87' lang='lat' dir='ltr'><strong>posse</strong></span> <span class='ocrx_word' id='word_1_126' title='bbox 845 1913 1289 1977; x_wconf 84' lang='lat' dir='ltr'><strong>arbitraretur.</strong></span> <span class='ocrx_word' id='word_1_127' title='bbox 1382 1912 1611 1995; x_wconf 87' lang='lat' dir='ltr'><strong>Atque</strong></span> <span class='ocrx_word' id='word_1_128' title='bbox 1646 1910 1844 1975; x_wconf 84' lang='lat' dir='ltr'><strong>etiam</strong></span> <span class='ocrx_word' id='word_1_129' title='bbox 1886 1908 2164 1997; x_wconf 86' lang='lat' dir='ltr'><strong>¹suppli·</strong></span> 
     </span>
     <span class='ocr_line' id='line_1_20' title="bbox 216 2018 2164 2108; baseline 0.002 -23"><span class='ocrx_word' id='word_1_130' title='bbox 216 2020 387 2085; x_wconf 79' lang='lat' dir='ltr'><strong>catio</strong></span> <span class='ocrx_word' id='word_1_131' title='bbox 444 2018 572 2084; x_wconf 85' lang='lat' dir='ltr'><strong>diis</strong></span> <span class='ocrx_word' id='word_1_132' title='bbox 626 2020 1099 2087; x_wconf 84' lang='lat' dir='ltr'><strong>immortalibus</strong></span> <span class='ocrx_word' id='word_1_133' title='bbox 1132 2044 1252 2108; x_wconf 91' lang='lat' dir='ltr'><strong>pro</strong></span> <span class='ocrx_word' id='word_1_134' title='bbox 1296 2022 1609 2108; x_wconf 81' lang='lat' dir='ltr'><strong>singulari</strong></span> <span class='ocrx_word' id='word_1_135' title='bbox 1643 2044 1872 2088; x_wconf 90' lang='lat' dir='ltr'><strong>eorum</strong></span> <span class='ocrx_word' id='word_1_136' title='bbox 1905 2023 2164 2105; x_wconf 86' lang='lat' dir='ltr'><strong>merito,</strong></span> 
     </span>
     <span class='ocr_line' id='line_1_21' title="bbox 216 2131 2160 2219; baseline 0.001 -23"><span class='ocrx_word' id='word_1_137' title='bbox 216 2151 365 2197; x_wconf 82' lang='lat' dir='ltr'><strong>meo</strong></span> <span class='ocrx_word' id='word_1_138' title='bbox 420 2131 684 2195; x_wconf 87' lang='lat' dir='ltr'><strong>nomine</strong></span> <span class='ocrx_word' id='word_1_139' title='bbox 737 2133 1000 2198; x_wconf 86' lang='lat' dir='ltr'><strong>decreta</strong></span> <span class='ocrx_word' id='word_1_140' title='bbox 1050 2149 1170 2214; x_wconf 77' lang='lat' dir='ltr'><strong>est,</strong></span> <span class='ocrx_word' id='word_1_141' title='bbox 1225 2133 1565 2210; x_wconf 77' lang='lat' dir='ltr'><strong>Quirites:</strong></span> <span class='ocrx_word' id='word_1_142' title='bbox 1626 2136 1804 2219; x_wconf 89' lang='lat' dir='ltr'><strong>quod</strong></span> <span class='ocrx_word' id='word_1_143' title='bbox 1835 2134 1995 2206; x_wconf 82' lang='lat' dir='ltr'><strong>mihi</strong></span> <span class='ocrx_word' id='word_1_144' title='bbox 2028 2134 2160 2219; x_wconf 84' lang='lat' dir='ltr'><strong>pri·</strong></span> 
     </span>
    </p>
   </div>
   <div class='ocr_carea' id='block_1_5' title="bbox 215 2232 2163 2334">
    <p class='ocr_par' dir='ltr' id='par_1_5' title="bbox 215 2232 2163 2334">
     <span class='ocr_line' id='line_1_22' title="bbox 215 2232 2163 2334; baseline 0.002 -27"><span class='ocrx_word' id='word_1_145' title='bbox 215 2241 399 2308; x_wconf 66' lang='lat' dir='ltr'><strong>mum</strong></span> <span class='ocrx_word' id='word_1_146' title='bbox 452 2260 602 2329; x_wconf 89' lang='lat' dir='ltr'><strong>post</strong></span> <span class='ocrx_word' id='word_1_147' title='bbox 632 2245 794 2310; x_wconf 87' lang='lat' dir='ltr'><strong>hanc</strong></span> <span class='ocrx_word' id='word_1_148' title='bbox 827 2248 1055 2311; x_wconf 86' lang='lat' dir='ltr'><strong>urbem</strong></span> <span class='ocrx_word' id='word_1_149' title='bbox 1107 2232 1433 2312; x_wconf 69' lang='lat' dir='ltr'><strong>conditam</strong></span> <span class='ocrx_word' id='word_1_150' title='bbox 1464 2263 1690 2334; x_wconf 82' lang='lat' dir='ltr'><strong>togato</strong></span> <span class='ocrx_word' id='word_1_151' title='bbox 1722 2249 1993 2332; x_wconf 88' lang='lat' dir='ltr'><strong>contigit</strong></span> <span class='ocrx_word' id='word_1_152' title='bbox 2020 2269 2036 2311; x_wconf 73' lang='grc' dir='ltr'><strong><em>ε</em></strong></span> <span class='ocrx_word' id='word_1_153' title='bbox 2095 2260 2163 2312; x_wconf 84' lang='lat' dir='ltr'><strong>et</strong></span> 
     </span>
    </p>
   </div>
   <div class='ocr_carea' id='block_1_6' title="bbox 213 2356 2161 2770">
    <p class='ocr_par' dir='ltr' id='par_1_6' title="bbox 213 2356 2161 2770">
     <span class='ocr_line' id='line_1_23' title="bbox 217 2356 2159 2438; baseline 0.001 -17"><span class='ocrx_word' id='word_1_154' title='bbox 217 2356 313 2421; x_wconf 73' lang='lat' dir='ltr'><strong>his</strong></span> <span class='ocrx_word' id='word_1_155' title='bbox 343 2358 611 2420; x_wconf 85' lang='lat' dir='ltr'><strong>decreta</strong></span> <span class='ocrx_word' id='word_1_156' title='bbox 640 2357 857 2422; x_wconf 86' lang='lat' dir='ltr'><strong>verbis</strong></span> <span class='ocrx_word' id='word_1_157' title='bbox 904 2373 1022 2438; x_wconf 89' lang='lat' dir='ltr'><strong>est,</strong></span> <span class='ocrx_word' id='word_1_158' title='bbox 1077 2359 1358 2434; x_wconf 79' lang='lat' dir='ltr'>QUOD</span> <span class='ocrx_word' id='word_1_159' title='bbox 1406 2360 1764 2425; x_wconf 89' lang='lat' dir='ltr'><strong>URBEM</strong></span> <span class='ocrx_word' id='word_1_160' title='bbox 1812 2359 2159 2424; x_wconf 88' lang='lat' dir='ltr'><strong>INCEN·</strong></span> 
     </span>
     <span class='ocr_line' id='line_1_24' title="bbox 218 2464 2161 2548; baseline 0.002 -21"><span class='ocrx_word' id='word_1_161' title='bbox 218 2464 438 2545; x_wconf 87' lang='lat' dir='ltr'><strong>DIIS,</strong></span> <span class='ocrx_word' id='word_1_162' title='bbox 477 2488 486 2494; x_wconf 81' lang='grc'><strong><em>’</em></strong></span> <span class='ocrx_word' id='word_1_163' title='bbox 513 2465 843 2530; x_wconf 84' lang='lat' dir='ltr'><strong>CAEDE</strong></span> <span class='ocrx_word' id='word_1_164' title='bbox 925 2468 1228 2548; x_wconf 87' lang='lat' dir='ltr'><strong>CIVES,</strong></span> <span class='ocrx_word' id='word_1_165' title='bbox 1306 2469 1753 2532; x_wconf 81' lang='lat' dir='ltr'><strong>1TAL1AM</strong></span> <span class='ocrx_word' id='word_1_166' title='bbox 1832 2467 2161 2531; x_wconf 88' lang='lat' dir='ltr'><strong>BELLO</strong></span> 
     </span>
     <span class='ocr_line' id='line_1_25' title="bbox 217 2561 2159 2660; baseline -0.001 -20"><span class='ocrx_word' id='word_1_167' title='bbox 217 2561 746 2640; x_wconf 82' lang='lat' dir='ltr'><strong>LIBERASSE</strong></span> <span class='ocrx_word' id='word_1_168' title='bbox 758 2576 865 2640; x_wconf 84' lang='lat' dir='ltr'><strong>M.</strong></span> <span class='ocrx_word' id='word_1_169' title='bbox 958 2576 1146 2651; x_wconf 79' lang='lat' dir='ltr'><strong>Quae</strong></span> <span class='ocrx_word' id='word_1_170' title='bbox 1172 2576 1585 2660; x_wconf 76' lang='lat' dir='ltr'><strong>supplicatio,</strong></span> <span class='ocrx_word' id='word_1_171' title='bbox 1616 2576 1671 2638; x_wconf 85' lang='lat' dir='ltr'><strong>si</strong></span> <span class='ocrx_word' id='word_1_172' title='bbox 1704 2596 1856 2638; x_wconf 78' lang='lat' dir='ltr'><strong>cum</strong></span> <span class='ocrx_word' id='word_1_173' title='bbox 1887 2575 2159 2638; x_wconf 72' lang='lat' dir='ltr'><strong>caeteris</strong></span> 
     </span>
     <span class='ocr_line' id='line_1_26' title="bbox 213 2684 2157 2770; baseline -0.001 -20"><span class='ocrx_word' id='word_1_174' title='bbox 213 2685 610 2768; x_wconf 84' lang='lat' dir='ltr'><strong>conferatur,</strong></span> <span class='ocrx_word' id='word_1_175' title='bbox 644 2685 962 2770; x_wconf 76' lang='lat' dir='ltr'><strong>Quirites,</strong></span> <span class='ocrx_word' id='word_1_176' title='bbox 994 2688 1116 2753; x_wconf 91' lang='lat' dir='ltr'><strong>hoc</strong></span> <span class='ocrx_word' id='word_1_177' title='bbox 1143 2687 1434 2766; x_wconf 88' lang='lat' dir='ltr'><strong>interest,</strong></span> <span class='ocrx_word' id='word_1_178' title='bbox 1465 2685 1647 2769; x_wconf 75' lang='lat' dir='ltr'><strong>quod</strong></span> <span class='ocrx_word' id='word_1_179' title='bbox 1679 2697 1971 2749; x_wconf 83' lang='lat' dir='ltr'><strong>caeterae</strong></span> <span class='ocrx_word' id='word_1_180' title='bbox 2009 2684 2157 2748; x_wconf 78' lang='lat' dir='ltr'><strong>²be-</strong></span> 
     </span>
    </p>
   </div>
   <div class='ocr_carea' id='block_1_7' title="bbox 202 2835 2173 3766">
    <p class='ocr_par' dir='ltr' id='par_1_7' title="bbox 202 2835 2173 3240">
     <span class='ocr_line' id='line_1_27' title="bbox 273 2835 2173 2906; baseline 0.001 -16"><span class='ocrx_word' id='word_1_181' title='bbox 273 2841 323 2891; x_wconf 88' lang='lat'><strong>9.</strong></span> <span class='ocrx_word' id='word_1_182' title='bbox 360 2840 668 2890; x_wconf 69' lang='lat' dir='ltr'><strong>Liber-tium</strong></span> <span class='ocrx_word' id='word_1_183' title='bbox 691 2843 1037 2891; x_wconf 76' lang='lat' dir='ltr'><strong>hommem-In</strong></span> <span class='ocrx_word' id='word_1_184' title='bbox 1070 2844 1236 2891; x_wconf 84' lang='lat' dir='ltr'><strong>Rome</strong></span> <span class='ocrx_word' id='word_1_185' title='bbox 1271 2839 1440 2894; x_wconf 81' lang='lat' dir='ltr'><strong>slaves</strong></span> <span class='ocrx_word' id='word_1_186' title='bbox 1473 2838 1631 2890; x_wconf 86' lang='lat' dir='ltr'><strong>made</strong></span> <span class='ocrx_word' id='word_1_187' title='bbox 1662 2835 1775 2889; x_wconf 81' lang='lat' dir='ltr'><strong>free</strong></span> <span class='ocrx_word' id='word_1_188' title='bbox 1811 2851 1949 2888; x_wconf 82' lang='lat' dir='ltr'><strong>were</strong></span> <span class='ocrx_word' id='word_1_189' title='bbox 1982 2837 2173 2906; x_wconf 85' lang='lat' dir='ltr'><strong>called·</strong></span> 
     </span>
     <span class='ocr_line' id='line_1_28' title="bbox 209 2905 2159 2967; baseline -0.001 -11"><span class='ocrx_word' id='word_1_190' title='bbox 209 2906 372 2957; x_wconf 71' lang='lat' dir='ltr'><strong>fiber-ti</strong></span> <span class='ocrx_word' id='word_1_191' title='bbox 391 2906 499 2955; x_wconf 87' lang='lat' dir='ltr'><strong>and</strong></span> <span class='ocrx_word' id='word_1_192' title='bbox 520 2908 730 2957; x_wconf 75' lang='lat' dir='ltr'><strong>libertini</strong></span> <span class='ocrx_word' id='word_1_193' title='bbox 745 2928 765 2956; x_wconf 90' lang='lat'><strong>.·</strong></span> <span class='ocrx_word' id='word_1_194' title='bbox 788 2910 947 2967; x_wconf 59' lang='lat' dir='ltr'><strong>liberti</strong></span> <span class='ocrx_word' id='word_1_195' title='bbox 963 2908 1014 2957; x_wconf 83' lang='lat' dir='ltr'><strong>in</strong></span> <span class='ocrx_word' id='word_1_196' title='bbox 1034 2908 1254 2959; x_wconf 86' lang='lat' dir='ltr'><strong>relation</strong></span> <span class='ocrx_word' id='word_1_197' title='bbox 1275 2918 1332 2958; x_wconf 90' lang='lat' dir='ltr'><strong>to</strong></span> <span class='ocrx_word' id='word_1_198' title='bbox 1351 2908 1490 2958; x_wconf 85' lang='lat' dir='ltr'><strong>their</strong></span> <span class='ocrx_word' id='word_1_199' title='bbox 1513 2914 1751 2966; x_wconf 83' lang='lat' dir='ltr'><strong>masters,</strong></span> <span class='ocrx_word' id='word_1_200' title='bbox 1776 2908 1987 2956; x_wconf 76' lang='lat' dir='ltr'><strong>libertini</strong></span> <span class='ocrx_word' id='word_1_201' title='bbox 2002 2909 2055 2955; x_wconf 88' lang='lat' dir='ltr'><strong>iu</strong></span> <span class='ocrx_word' id='word_1_202' title='bbox 2077 2905 2159 2960; x_wconf 67' lang='lat' dir='ltr'><strong>rei-</strong></span> 
     </span>
     <span class='ocr_line' id='line_1_29' title="bbox 203 2970 2155 3026; baseline 0.002 -4"><span class='ocrx_word' id='word_1_203' title='bbox 203 2972 366 3024; x_wconf 77' lang='lat' dir='ltr'><strong>lation</strong></span> <span class='ocrx_word' id='word_1_204' title='bbox 391 2979 453 3023; x_wconf 90' lang='lat' dir='ltr'><strong>to</strong></span> <span class='ocrx_word' id='word_1_205' title='bbox 473 2970 588 3023; x_wconf 80' lang='lat' dir='ltr'><strong>free</strong></span> <span class='ocrx_word' id='word_1_206' title='bbox 610 2972 742 3024; x_wconf 88' lang='lat' dir='ltr'><strong>born</strong></span> <span class='ocrx_word' id='word_1_207' title='bbox 764 2974 997 3025; x_wconf 86' lang='lat' dir='ltr'><strong>citizens.</strong></span> <span class='ocrx_word' id='word_1_208' title='bbox 1045 2978 1199 3026; x_wconf 89' lang='lat' dir='ltr'><strong>Some</strong></span> <span class='ocrx_word' id='word_1_209' title='bbox 1222 2974 1372 3025; x_wconf 87' lang='lat' dir='ltr'><strong>think</strong></span> <span class='ocrx_word' id='word_1_210' title='bbox 1390 2974 1505 3024; x_wconf 83' lang='lat' dir='ltr'><strong>that</strong></span> <span class='ocrx_word' id='word_1_211' title='bbox 1528 2974 1738 3024; x_wconf 59' lang='lat' dir='ltr'><strong>libertini</strong></span> <span class='ocrx_word' id='word_1_212' title='bbox 1759 2989 1895 3023; x_wconf 81' lang='lat' dir='ltr'><strong>were</strong></span> <span class='ocrx_word' id='word_1_213' title='bbox 1917 2973 2009 3024; x_wconf 91' lang='lat' dir='ltr'><strong>the</strong></span> <span class='ocrx_word' id='word_1_214' title='bbox 2032 2987 2155 3026; x_wconf 67' lang='lat' dir='ltr'><strong>sons</strong></span> 
     </span>
     <span class='ocr_line' id='line_1_30' title="bbox 202 3037 2156 3102; baseline 0.002 -14"><span class='ocrx_word' id='word_1_215' title='bbox 202 3037 266 3088; x_wconf 77' lang='lat' dir='ltr'><strong>of</strong></span> <span class='ocrx_word' id='word_1_216' title='bbox 277 3039 372 3090; x_wconf 83' lang='lat' dir='ltr'><strong>the</strong></span> <span class='ocrx_word' id='word_1_217' title='bbox 397 3040 563 3091; x_wconf 77' lang='lat' dir='ltr'><strong>liberti</strong></span> <span class='ocrx_word' id='word_1_218' title='bbox 573 3063 595 3098; x_wconf 86' lang='lat'><strong>‚·</strong></span> <span class='ocrx_word' id='word_1_219' title='bbox 639 3040 733 3091; x_wconf 89' lang='lat' dir='ltr'><strong>but</strong></span> <span class='ocrx_word' id='word_1_220' title='bbox 747 3040 855 3092; x_wconf 85' lang='lat' dir='ltr'><strong>this</strong></span> <span class='ocrx_word' id='word_1_221' title='bbox 876 3041 1175 3102; x_wconf 68' lang='lat' dir='ltr'><strong>distinction</strong></span> <span class='ocrx_word' id='word_1_222' title='bbox 1197 3057 1356 3094; x_wconf 76' lang='lat' dir='ltr'><strong>never</strong></span> <span class='ocrx_word' id='word_1_223' title='bbox 1374 3057 1561 3092; x_wconf 79' lang='lat' dir='ltr'><strong>occurs</strong></span> <span class='ocrx_word' id='word_1_224' title='bbox 1579 3043 1632 3093; x_wconf 87' lang='lat' dir='ltr'><strong>in</strong></span> <span class='ocrx_word' id='word_1_225' title='bbox 1650 3042 1740 3093; x_wconf 89' lang='lat' dir='ltr'><strong>the</strong></span> <span class='ocrx_word' id='word_1_226' title='bbox 1764 3040 2014 3092; x_wconf 80' lang='lat' dir='ltr'><strong>classicks</strong></span> <span class='ocrx_word' id='word_1_227' title='bbox 2041 3061 2053 3089; x_wconf 83' lang='lat'>=</span> <span class='ocrx_word' id='word_1_228' title='bbox 2088 3056 2156 3091; x_wconf 89' lang='lat' dir='ltr'><strong>on</strong></span> 
     </span>
     <span class='ocr_line' id='line_1_31' title="bbox 206 3106 2156 3175; baseline 0.002 -19"><span class='ocrx_word' id='word_1_229' title='bbox 206 3106 292 3160; x_wconf 85' lang='lat' dir='ltr'><strong>the</strong></span> <span class='ocrx_word' id='word_1_230' title='bbox 317 3113 585 3173; x_wconf 81' lang='lat' dir='ltr'><strong>contrary,</strong></span> <span class='ocrx_word' id='word_1_231' title='bbox 609 3106 736 3159; x_wconf 83' lang='lat' dir='ltr'><strong>both</strong></span> <span class='ocrx_word' id='word_1_232' title='bbox 758 3108 927 3158; x_wconf 82' lang='lat' dir='ltr'><strong>words</strong></span> <span class='ocrx_word' id='word_1_233' title='bbox 949 3124 1036 3159; x_wconf 81' lang='lat' dir='ltr'><strong>are</strong></span> <span class='ocrx_word' id='word_1_234' title='bbox 1060 3108 1271 3174; x_wconf 80' lang='lat' dir='ltr'><strong>applied</strong></span> <span class='ocrx_word' id='word_1_235' title='bbox 1292 3116 1347 3160; x_wconf 89' lang='lat' dir='ltr'><strong>to</strong></span> <span class='ocrx_word' id='word_1_236' title='bbox 1365 3108 1456 3159; x_wconf 70' lang='lat' dir='ltr'><strong>the</strong></span> <span class='ocrx_word' id='word_1_237' title='bbox 1476 3124 1621 3160; x_wconf 83' lang='lat' dir='ltr'><strong>same</strong></span> <span class='ocrx_word' id='word_1_238' title='bbox 1640 3125 1856 3175; x_wconf 76' lang='lat' dir='ltr'><strong>persons</strong></span> <span class='ocrx_word' id='word_1_239' title='bbox 1870 3106 1939 3173; x_wconf 83' lang='lat' dir='ltr'><strong>by</strong></span> <span class='ocrx_word' id='word_1_240' title='bbox 1951 3106 2156 3160; x_wconf 76' lang='lat' dir='ltr'><strong>writers</strong></span> 
     </span>
     <span class='ocr_line' id='line_1_32' title="bbox 209 3170 1551 3240; baseline 0.001 -18"><span class='ocrx_word' id='word_1_241' title='bbox 209 3173 323 3225; x_wconf 72' lang='lat' dir='ltr'><strong>who</strong></span> <span class='ocrx_word' id='word_1_242' title='bbox 348 3170 642 3226; x_wconf 81' lang='lat' dir='ltr'><strong>flourished</strong></span> <span class='ocrx_word' id='word_1_243' title='bbox 664 3182 720 3225; x_wconf 86' lang='lat' dir='ltr'><strong>at</strong></span> <span class='ocrx_word' id='word_1_244' title='bbox 741 3170 984 3226; x_wconf 83' lang='lat' dir='ltr'><strong>different</strong></span> <span class='ocrx_word' id='word_1_245' title='bbox 1003 3175 1172 3226; x_wconf 79' lang='lat' dir='ltr'><strong>times.</strong></span> <span class='ocrx_word' id='word_1_246' title='bbox 1544 3233 1551 3240; x_wconf 25' lang='lat'>³</span> 
     </span>
    </p>

    <p class='ocr_par' dir='ltr' id='par_1_8' title="bbox 203 3239 2166 3572">
     <span class='ocr_line' id='line_1_33' title="bbox 269 3239 2157 3307; baseline 0.001 -17"><span class='ocrx_word' id='word_1_247' title='bbox 269 3243 320 3290; x_wconf 90' lang='lat'><strong>1.</strong></span> <span class='ocrx_word' id='word_1_248' title='bbox 360 3242 881 3306; x_wconf 64' lang='grc' dir='ltr'><strong>3ιφρ1ἰσαιὶο,....πιί1ιὶ</strong></span> <span class='ocrx_word' id='word_1_249' title='bbox 882 3278 973 3292; x_wconf 90' lang='grc'><strong>......</strong></span> <span class='ocrx_word' id='word_1_250' title='bbox 979 3241 1377 3307; x_wconf 74' lang='lat' dir='ltr'><strong>togato-When</strong></span> <span class='ocrx_word' id='word_1_251' title='bbox 1414 3259 1446 3293; x_wconf 81' lang='lat' dir='ltr'><strong>a</strong></span> <span class='ocrx_word' id='word_1_252' title='bbox 1521 3243 1697 3296; x_wconf 77' lang='lat' dir='ltr'><strong>eneral</strong></span> <span class='ocrx_word' id='word_1_253' title='bbox 1725 3240 1830 3294; x_wconf 85' lang='lat' dir='ltr'><strong>had</strong></span> <span class='ocrx_word' id='word_1_254' title='bbox 1853 3239 2097 3293; x_wconf 82' lang='lat' dir='ltr'><strong>obtained</strong></span> <span class='ocrx_word' id='word_1_255' title='bbox 2122 3258 2157 3292; x_wconf 77' lang='lat' dir='ltr'><strong>a</strong></span> 
     </span>
     <span class='ocr_line' id='line_1_34' title="bbox 205 3306 2166 3375; baseline 0.002 -19"><span class='ocrx_word' id='word_1_256' title='bbox 205 3306 380 3373; x_wconf 75' lang='lat' dir='ltr'><strong>sig-nal</strong></span> <span class='ocrx_word' id='word_1_257' title='bbox 403 3307 623 3372; x_wconf 80' lang='lat' dir='ltr'><strong>victory,</strong></span> <span class='ocrx_word' id='word_1_258' title='bbox 662 3324 695 3356; x_wconf 87' lang='lat' dir='ltr'><strong>a</strong></span> <span class='ocrx_word' id='word_1_259' title='bbox 726 3307 1099 3374; x_wconf 80' lang='lat' dir='ltr'><strong>thanksgiving</strong></span> <span class='ocrx_word' id='word_1_260' title='bbox 1134 3308 1460 3375; x_wconf 71' lang='lat' dir='ltr'><strong>(mepplicaaeio</strong></span> <span class='ocrx_word' id='word_1_261' title='bbox 1547 3326 1654 3360; x_wconf 79' lang='lat' dir='ltr'><strong>was</strong></span> <span class='ocrx_word' id='word_1_262' title='bbox 1694 3309 1927 3360; x_wconf 84' lang='lat' dir='ltr'><strong>decreed</strong></span> <span class='ocrx_word' id='word_1_263' title='bbox 1968 3308 2039 3373; x_wconf 84' lang='lat' dir='ltr'><strong>by</strong></span> <span class='ocrx_word' id='word_1_264' title='bbox 2060 3308 2166 3359; x_wconf 82' lang='lat' dir='ltr'><strong>the·</strong></span> 
     </span>
     <span class='ocr_line' id='line_1_35' title="bbox 207 3373 2155 3440; baseline -0.001 -16"><span class='ocrx_word' id='word_1_265' title='bbox 207 3382 388 3426; x_wconf 71' lang='lat' dir='ltr'><strong>senate</strong></span> <span class='ocrx_word' id='word_1_266' title='bbox 412 3382 472 3425; x_wconf 90' lang='lat' dir='ltr'><strong>to</strong></span> <span class='ocrx_word' id='word_1_267' title='bbox 493 3373 559 3423; x_wconf 88' lang='lat' dir='ltr'><strong>be</strong></span> <span class='ocrx_word' id='word_1_268' title='bbox 580 3374 734 3425; x_wconf 86' lang='lat' dir='ltr'><strong>made</strong></span> <span class='ocrx_word' id='word_1_269' title='bbox 752 3373 806 3423; x_wconf 88' lang='lat' dir='ltr'><strong>in</strong></span> <span class='ocrx_word' id='word_1_270' title='bbox 830 3374 899 3424; x_wconf 79' lang='lat' dir='ltr'><strong>all</strong></span> <span class='ocrx_word' id='word_1_271' title='bbox 920 3375 1009 3425; x_wconf 86' lang='lat' dir='ltr'><strong>the</strong></span> <span class='ocrx_word' id='word_1_272' title='bbox 1032 3375 1273 3440; x_wconf 55' lang='lat' dir='ltr'><strong>temple&amp;</strong></span> <span class='ocrx_word' id='word_1_273' title='bbox 1363 3376 1493 3426; x_wconf 87' lang='lat' dir='ltr'><strong>This</strong></span> <span class='ocrx_word' id='word_1_274' title='bbox 1514 3376 1695 3436; x_wconf 87' lang='lat' dir='ltr'><strong>honor,</strong></span> <span class='ocrx_word' id='word_1_275' title='bbox 1730 3375 1902 3425; x_wconf 86' lang='lat' dir='ltr'><strong>which</strong></span> <span class='ocrx_word' id='word_1_276' title='bbox 1920 3390 2041 3438; x_wconf 23' lang='lat' dir='ltr'><strong>,was</strong></span> <span class='ocrx_word' id='word_1_277' title='bbox 2063 3373 2155 3423; x_wconf 88' lang='lat' dir='ltr'><strong>de-</strong></span> 
     </span>
     <span class='ocr_line' id='line_1_36' title="bbox 205 3437 2153 3572; baseline -0.001 -81"><span class='ocrx_word' id='word_1_278' title='bbox 205 3440 367 3556; x_wconf 57' lang='lat' dir='ltr'><strong>egged</strong></span> <span class='ocrx_word' id='word_1_279' title='bbox 387 3448 447 3558; x_wconf 48' lang='lat' dir='ltr'><strong>po</strong></span> <span class='ocrx_word' id='word_1_280' title='bbox 469 3440 684 3570; x_wconf 35' lang='lat' dir='ltr'><strong>Cicero}</strong></span> <span class='ocrx_word' id='word_1_281' title='bbox 708 3456 814 3557; x_wconf 52' lang='lat' dir='ltr'><strong>wa?</strong></span> <span class='ocrx_word' id='word_1_282' title='bbox 856 3456 1014 3572; x_wconf 49' lang='lat' dir='ltr'><strong>perer</strong></span> <span class='ocrx_word' id='word_1_283' title='bbox 1049 3440 1325 3494; x_wconf 80' lang='lat' dir='ltr'><strong>conferred</strong></span> <span class='ocrx_word' id='word_1_284' title='bbox 1358 3459 1424 3494; x_wconf 88' lang='lat' dir='ltr'><strong>on</strong></span> <span class='ocrx_word' id='word_1_285' title='bbox 1467 3459 1565 3509; x_wconf 82' lang='lat' dir='ltr'><strong>any</strong></span> <span class='ocrx_word' id='word_1_286' title='bbox 1586 3443 1737 3494; x_wconf 85' lang='lat' dir='ltr'><strong>other</strong></span> <span class='ocrx_word' id='word_1_287' title='bbox 1753 3456 1963 3507; x_wconf 82' lang='lat' dir='ltr'><strong>person·</strong></span> <span class='ocrx_word' id='word_1_288' title='bbox 1980 3440 2036 3491; x_wconf 82' lang='lat' dir='ltr'><strong>in</strong></span> <span class='ocrx_word' id='word_1_289' title='bbox 2066 3437 2153 3508; x_wconf 61' lang='lat' dir='ltr'><strong>his</strong></span> 
     </span>
     <span class='ocr_line' id='line_1_37' title="bbox 203 3521 901 3558; baseline -0.003 0"><span class='ocrx_word' id='word_1_290' title='bbox 203 3521 262 3558; x_wconf 81' lang='lat' dir='ltr'><strong>ro</strong></span> <span class='ocrx_word' id='word_1_291' title='bbox 297 3524 338 3557; x_wconf 84' lang='lat' dir='ltr'><strong>e</strong></span> <span class='ocrx_word' id='word_1_292' title='bbox 356 3524 390 3556; x_wconf 92' lang='lat' dir='ltr'><strong>o</strong></span> <span class='ocrx_word' id='word_1_293' title='bbox 504 3523 598 3557; x_wconf 85' lang='lat' dir='ltr'><strong>aee</strong></span> <span class='ocrx_word' id='word_1_294' title='bbox 748 3525 780 3556; x_wconf 88' lang='lat' dir='ltr'><strong>a</strong></span> <span class='ocrx_word' id='word_1_295' title='bbox 802 3525 859 3557; x_wconf 73' lang='lat' dir='ltr'><strong>ue</strong></span> <span class='ocrx_word' id='word_1_296' title='bbox 889 3544 901 3556; x_wconf 90' lang='lat'><strong>.</strong></span> 
     </span>
    </p>

    <p class='ocr_par' dir='ltr' id='par_1_9' title="bbox 203 3523 2155 3766">
     <span class='ocr_line' id='line_1_38' title="bbox 267 3523 2155 3642; baseline -0.002 -17"><span class='ocrx_word' id='word_1_297' title='bbox 267 3578 320 3625; x_wconf 83' lang='lat'><strong>2.</strong></span> <span class='ocrx_word' id='word_1_298' title='bbox 362 3523 503 3624; x_wconf 48' lang='lat' dir='ltr'><strong>Betr’zee</strong></span> <span class='ocrx_word' id='word_1_299' title='bbox 513 3525 779 3640; x_wconf 62' lang='lat' dir='ltr'>312⁸qu</span> <span class='ocrx_word' id='word_1_300' title='bbox 811 3572 1183 3642; x_wconf 65' lang='lat' dir='ltr'><strong>ssuanksgiving</strong></span> <span class='ocrx_word' id='word_1_301' title='bbox 1216 3576 1330 3627; x_wconf 79' lang='lat' dir='ltr'><strong>had</strong></span> <span class='ocrx_word' id='word_1_302' title='bbox 1361 3575 1495 3626; x_wconf 88' lang='lat' dir='ltr'><strong>been</strong></span> <span class='ocrx_word' id='word_1_303' title='bbox 1530 3574 1758 3626; x_wconf 87' lang='lat' dir='ltr'><strong>deereed</strong></span> <span class='ocrx_word' id='word_1_304' title='bbox 1778 3582 1835 3625; x_wconf 91' lang='lat' dir='ltr'><strong>to</strong></span> <span class='ocrx_word' id='word_1_305' title='bbox 1865 3572 2044 3622; x_wconf 82' lang='lat' dir='ltr'><strong>others</strong></span> <span class='ocrx_word' id='word_1_306' title='bbox 2065 3569 2155 3632; x_wconf 73' lang='lat' dir='ltr'><strong>fon</strong></span> 
     </span>
     <span class='ocr_line' id='line_1_39' title="bbox 203 3635 2149 3766; baseline -0.001 -76"><span class='ocrx_word' id='word_1_307' title='bbox 203 3640 621 3766; x_wconf 49' lang='lat' dir='ltr'><strong>monff‘tgle</strong></span> <span class='ocrx_word' id='word_1_308' title='bbox 641 3641 861 3695; x_wconf 78' lang='lat' dir='ltr'><strong>interest</strong></span> <span class='ocrx_word' id='word_1_309' title='bbox 880 3639 943 3692; x_wconf 74' lang='lat' dir='ltr'><strong>of</strong></span> <span class='ocrx_word' id='word_1_310' title='bbox 951 3643 1039 3695; x_wconf 85' lang='lat' dir='ltr'><strong>the</strong></span> <span class='ocrx_word' id='word_1_311' title='bbox 1063 3642 1357 3710; x_wconf 84' lang='lat' dir='ltr'><strong>republick‚</strong></span> <span class='ocrx_word' id='word_1_312' title='bbox 1388 3651 1444 3713; x_wconf 64' lang='lat' dir='ltr'><strong>to</strong></span> <span class='ocrx_word' id='word_1_313' title='bbox 1459 3643 1641 3694; x_wconf 78' lang='lat' dir='ltr'><strong>Cicero</strong></span> <span class='ocrx_word' id='word_1_314' title='bbox 1667 3638 1921 3692; x_wconf 79' lang='lat' dir='ltr'><strong>&#39;alonefor</strong></span> <span class='ocrx_word' id='word_1_315' title='bbox 1952 3635 2149 3703; x_wconf 61' lang='lat' dir='ltr'><strong>having</strong></span> 
     </span>
    </p>
   </div>
  </div>
 </body>
</html>
