2382 4110
703 108 966 163 enarro
996 110 1134 161 rao
1165 108 1351 189 mer.
1384 110 1705 167 mama.
2077 118 2176 171 ns

244 252 694 336 Mithridates,
723 276 966 320 non-ne
999 257 1083 321 ad
1117 258 1399 321 eundem
1433 257 1555 322 Cn.
1590 255 1982 344 Pompeium
2043 267 2069 302 ⁸
2092 263 2183 327 le-

239 381 460 452 gatum
483 388 690 451 usque
714 367 781 429 in
815 368 1207 452 Hispaniam
1238 369 1466 432 misit?
1513 390 1793 459 eumque
1819 371 2178 457 Pompeius

235 477 520 561 legatum
542 499 798 563 semper
805 478 1138 567 judicavit
1165 502 1182 541 z
1212 478 1291 558 ii,
1316 480 1557 563 quibus
1582 501 1835 567 semper
1858 497 1999 547 erat
2029 505 2172 551 mo-

113 650 124 661 „
233 589 494 669 lestum,
516 591 603 655 ad
633 610 786 654 eum
814 589 1236 675 potissimum
1268 613 1411 655 esse
1466 592 1763 673 missum,
1813 596 2176 679 speculato-

231 722 392 779 rem,
443 698 641 783 quam
693 700 982 785 legatum
1020 701 1324 786 judicare
1376 686 1769 769 maluerunt.
1892 703 2174 771 Potestis

232 809 428 899 igitur
470 810 615 896 jam
667 788 1082 889 constituere,
1132 809 1455 892 Quirites,
1492 810 1659 874 hanc
1706 811 2161 879 auctoritatem

229 919 448 983 multis
487 916 713 1003 postea
756 919 950 982 rebus
980 919 1180 1004 gestis
1218 918 1606 1004 magnisque
1638 919 1875 985 vestris
1897 920 2174 1007 judiciis

234 1028 713 1113 amplificatam,
769 1044 1083 1113 quantum
1135 1031 1309 1114 apud
1364 1031 1509 1093 illos
1586 1053 1801 1116 reges,
1855 1048 2172 1116 quantum

225 1142 396 1225 apud
419 1154 676 1205 exteras
696 1140 990 1204 nationes
1013 1141 1363 1204 valituram
1387 1163 1527 1205 esse
1546 1141 1954 1206 existimetis.
2036 1143 2168 1208 Re-

222 1232 474 1338 lffiuum
525 1267 646 1332 est,
696 1267 770 1317 ut
821 1254 903 1317 de
958 1251 1297 1333 felicitate,
1344 1274 1540 1337 quam
1571 1267 1898 1337 praestare
1944 1254 2027 1317 de
2061 1276 2163 1317 se.-

223 1366 361 1451 ipso
405 1386 599 1428 nemo
661 1379 896 1450 potest,
963 1365 1336 1429 meminisse
1382 1380 1449 1430 et
1498 1386 2009 1431 commemorare
2077 1367 2162 1432 de

221 1476 424 1539 altero
474 1463 876 1560 possumus&
951 1475 1120 1543 sieut
1194 1497 1478 1561 aequum
1554 1492 1655 1541 est
1714 1476 1989 1559 homini,
2076 1478 2161 1543 de

143 1612 152 1617 ⁶
218 1599 532 1671 potestate
589 1586 862 1649 deorum
924 1583 1158 1669 timide
1215 1600 1281 1648 et
1323 1608 1531 1670 pauca
1562 1587 1880 1651 dicamus.
1936 1648 1945 1657 ,
2003 1587 2153 1673 Ego

221 1698 394 1761 enim
446 1696 539 1760 sie
592 1696 896 1760 existimo
933 1719 950 1758 τ
1014 1694 1388 1774 ⁷Maxim0‚
1451 1696 1801 1775 Marcello,
1850 1696 2162 1781 Scipioni,

222 1804 468 1884 Mario,
502 1818 568 1869 et
620 1805 890 1871 caeteris
915 1803 1170 1889 magnis
1223 1802 1749 1888 imperatoribus,
1777 1824 1907 1867 non
1944 1801 2162 1869 solum

215 1930 480 2001 propter
498 1916 831 1995 virtutem,
855 1917 971 1981 sed
996 1915 1194 1979 etiam
1216 1928 1483 2000 propter
1512 1911 1866 1993 fortunam,
1889 1911 2155 1998 saepius

216 2026 490 2115 imperia
558 2028 866 2106 mandata
918 2042 1117 2113 atque
1175 2027 1500 2094 exereitus
1554 2048 1694 2092 esse
1747 2025 2153 2095 commissos,

220 2140 370 2206 Fuit
394 2142 570 2208 enim
594 2140 889 2227 profecto
907 2131 1317 2226 vquibusdam
1350 2140 1620 2206 summis
1641 2139 1806 2254 viris
1831 2142 2155 2225 quaedam

216 2257 295 2319 ad
346 2256 846 2341 amplitudinem
901 2272 966 2320 et
997 2256 1273 2342 gloriam
1306 2270 1371 2322 et
1401 2256 1488 2320 ad
1517 2278 1620 2320 res
1652 2277 1924 2340 magnas
1978 2251 2144 2318 bene

216 2370 527 2452 gerendas
578 2333 896 2432 divinitus
929 2369 1238 2454 adjuncta
1267 2369 1551 2433 fortuna.
1645 2369 1749 2431 De
1802 2367 2001 2452 hujus
2035 2389 2150 2429 au-

213 2486 339 2540 tem
371 2475 655 2541 hominis
687 2475 1022 2556 felicitate,
1055 2477 1137 2540 de
1171 2498 1302 2560 quo
1333 2497 1502 2562 nunc
1535 2475 1813 2558 agimuS,
1844 2475 1960 2538 hac
1996 2489 2142 2538 utar

214 2583 654 2647 moderatione
686 2585 970 2666 dicendi,
1001 2607 1129 2650 non
1160 2599 1235 2649 ut
1266 2585 1333 2647 in
1367 2583 1539 2646 illius
1588 2597 1908 2670 potestate
1940 2582 2148 2647 fortu-

215 2713 356 2767 nam
386 2695 669 2780 positam
693 2717 834 2761 esse
865 2697 1109 2778 dicam,
1131 2694 1251 2762 sed
1275 2710 1348 2759 ut
1376 2689 1729 2779 praeterita
1748 2691 2148 2773 meminisse,

274 2874 318 2923 6.
352 2876 932 2944 Legatum-Although
952 2873 1309 2939 Mithridates,
1317 2872 1452 2926 aster
1463 2875 1553 2926 the
1576 2869 1941 2924 assassination
1960 2869 2024 2923 of
2036 2873 2153 2923 ser-

211 2941 386 3003 torius,
407 2943 535 2994 with
556 2944 728 2994 whom
746 2946 816 2996 he
853 2944 962 2996 had
993 2943 1212 2995 entered
1231 2942 1341 2995 into
1363 2960 1426 2993 an
1446 2941 1685 3001 aniame,
1723 2947 1840 2988 sent
1861 2955 1923 2989 an
1948 2939 2153 2991 ambas-

213 3008 360 3059 sador
377 3017 434 3059 to
456 3011 690 3077 Pompey
711 3012 766 3063 in
791 3012 962 3077 Spain,
984 3022 1074 3076 yet
1093 3011 1184 3061 the
1200 3025 1346 3077 army
1365 3009 1427 3059 of
1440 3008 1700 3060 Sertorius
1712 3005 2020 3058 considered
2035 3008 2147 3058 him

210 3075 381 3128 rather
398 3091 455 3126 as
480 3094 511 3126 a
537 3093 635 3143 spy
653 3080 778 3129 than
802 3095 866 3128 an
888 3076 1241 3136 ambassador.

270 3143 318 3194 7.
352 3146 602 3205 Maximo,
626 3145 966 3196 eta-„Fabius
998 3144 1264 3195 Maximus
1308 3158 1415 3193 was
1455 3139 1556 3194 five
1597 3142 1757 3193 times
1795 3140 2005 3201 Consul,
2043 3140 2147 3192 and

206 3220 329 3259 enee
351 3213 607 3262 Dictator„
672 3215 753 3265 He
794 3212 1094 3280 conquered
1126 3210 1384 3289 Hannibal
1422 3210 1490 3280 by
1513 3210 1683 3276 dday,
1705 3208 1774 3274 by
1795 3208 2039 3275 avoiding·
2060 3225 2148 3261 en-

203 3287 307 3391 ῗξέ
307 3285 512 3405 32:³35?
515 3280 883 3397 &2213ssaess
896 3276 1468 3413 3333313333‘3
1486 3278 1764 3405 ἓὲἷῗέἓὲω
1780 3275 2147 3407 341ἰὲᾞὲἓά

201 3408 351 3460 other
371 3410 634 3462 victorico.
701 3412 785 3463 Sei
822 3414 872 3463 io
894 3412 1173 3463 Africanus
1206 3428 1313 3462 was
1344 3412 1498 3463 twice
1520 3411 1727 3461 Consul.
1782 3410 1875 3460 ‚He
1896 3358 2146 3457 defeated

199 3471 288 3523 the
307 3476 571 3538 Africam,
593 3479 696 3529 and
716 3479 783 3529 ob
804 3479 930 3545 'ged
948 3479 1205 3530 Hannibal
1223 3486 1280 3530 to
1301 3487 1483 3531 remrn
1499 3486 1558 3528 to
1577 3478 1855 3538 Carthage.
1940 3473 2143 3541 Marius

199 3551 305 3591 was
329 3559 488 3596 seven
506 3547 664 3598 times
683 3547 891 3598 Consul.
958 3549 1040 3601 He
1078 3546 1382 3616 mquered
1422 3545 1704 3616 'ugurtha
1740 3542 1831 3594 the
1854 3541 2143 3600 Teutones,

199 3605 510 3678 Ambrones,
532 3612 638 3666 and
661 3613 872 3668 Cimbri.
1758 3635 1770 3652 -·
1799 3647 1807 3653 ·
2036 3657 2043 3664 .
