<?xml version="1.0" encoding="UTF-8"?>
<!DOCTYPE html PUBLIC "-//W3C//DTD XHTML 1.0 Transitional//EN"
    "http://www.w3.org/TR/xhtml1/DTD/xhtml1-transitional.dtd">
<html xmlns="http://www.w3.org/1999/xhtml" xml:lang="en" lang="en">
 <head>
  <title>
</title>
<meta http-equiv="Content-Type" content="text/html;charset=utf-8" />
  <meta name='ocr-system' content='tesseract 3.04.00' />
  <meta name='ocr-capabilities' content='ocr_page ocr_carea ocr_par ocr_line ocrx_word'/>
</head>
<body>
  <div class='ocr_page' id='page_1' title='image "./orationesquaeda03cicegoog/orationesquaeda03cicegoog_0253.png"; bbox 0 0 2382 4110; ppageno 0'>
   <div class='ocr_carea' id='block_1_1' title="bbox 26 16 47 44">
    <p class='ocr_par' dir='ltr' id='par_1_1' title="bbox 26 16 47 44">
     <span class='ocr_line' id='line_1_1' title="bbox 26 16 47 44; baseline 0 -16"><span class='ocrx_word' id='word_1_1' title='bbox 26 16 47 44; x_wconf 53' lang='grc' dir='ltr'><strong>Γ</strong></span> 
     </span>
    </p>
   </div>
   <div class='ocr_carea' id='block_1_2' title="bbox 25 141 35 274">
    <p class='ocr_par' dir='ltr' id='par_1_2' title="bbox 25 141 35 274">
     <span class='ocr_line' id='line_1_2' title="bbox 25 141 35 274; baseline 0 0"><span class='ocrx_word' id='word_1_2' title='bbox 25 141 35 274; x_wconf 58' lang='grc' dir='ltr'>ἱ</span> 
     </span>
    </p>
   </div>
   <div class='ocr_carea' id='block_1_3' title="bbox 1612 15 2217 19">
    <p class='ocr_par' dir='ltr' id='par_1_3' title="bbox 1612 15 2217 19">
     <span class='ocr_line' id='line_1_3' title="bbox 1612 15 2217 19; baseline 0 0"><span class='ocrx_word' id='word_1_3' title='bbox 1612 15 2217 19; x_wconf 95' lang='lat' dir='ltr'><strong> </strong></span> 
     </span>
    </p>
   </div>
   <div class='ocr_carea' id='block_1_4' title="bbox 1598 16 1927 30">
    <p class='ocr_par' dir='ltr' id='par_1_4' title="bbox 1598 16 1927 30">
     <span class='ocr_line' id='line_1_4' title="bbox 1598 16 1927 30; baseline -0.006 2"><span class='ocrx_word' id='word_1_4' title='bbox 1598 16 1671 21; x_wconf 52' lang='grc' dir='ltr'><strong>’ἡ</strong></span> <span class='ocrx_word' id='word_1_5' title='bbox 1724 18 1757 21; x_wconf 47' lang='grc' dir='ltr'>ἡ</span> <span class='ocrx_word' id='word_1_6' title='bbox 1806 16 1927 30; x_wconf 32' lang='grc' dir='ltr'><strong>*ἶ</strong></span> 
     </span>
    </p>
   </div>
   <div class='ocr_carea' id='block_1_5' title="bbox 725 121 2169 210">
    <p class='ocr_par' dir='ltr' id='par_1_5' title="bbox 725 121 2169 210">
     <span class='ocr_line' id='line_1_5' title="bbox 725 121 2169 210; baseline 0.01 -22"><span class='ocrx_word' id='word_1_7' title='bbox 725 133 987 189; x_wconf 67' lang='lat' dir='ltr'><strong>omno</strong></span> <span class='ocrx_word' id='word_1_8' title='bbox 1020 139 1156 191; x_wconf 74' lang='lat' dir='ltr'><strong>mo</strong></span> <span class='ocrx_word' id='word_1_9' title='bbox 1186 142 1253 193; x_wconf 83' lang='grc' dir='ltr'><strong>τ.</strong></span> <span class='ocrx_word' id='word_1_10' title='bbox 1285 142 1350 196; x_wconf 61' lang='grc' dir='ltr'><strong>ιι</strong></span> <span class='ocrx_word' id='word_1_11' title='bbox 1384 140 1673 198; x_wconf 67' lang='lat' dir='ltr'><strong>monn.</strong></span> <span class='ocrx_word' id='word_1_12' title='bbox 1855 121 1880 152; x_wconf 66' lang='grc'><strong>“</strong></span> <span class='ocrx_word' id='word_1_13' title='bbox 2067 148 2169 210; x_wconf 68' lang='lat'><strong>240</strong></span> 
     </span>
    </p>
   </div>
   <div class='ocr_carea' id='block_1_6' title="bbox 140 275 2167 480">
    <p class='ocr_par' dir='ltr' id='par_1_6' title="bbox 140 275 2167 480">
     <span class='ocr_line' id='line_1_6' title="bbox 140 275 2167 376; baseline 0.005 -27"><span class='ocrx_word' id='word_1_14' title='bbox 140 309 156 320; x_wconf 89' lang='lat'><strong>·</strong></span> <span class='ocrx_word' id='word_1_15' title='bbox 228 282 632 350; x_wconf 77' lang='lat' dir='ltr'><strong>defensionis</strong></span> <span class='ocrx_word' id='word_1_16' title='bbox 665 287 1112 354; x_wconf 88' lang='lat' dir='ltr'><strong>constantiam.</strong></span> <span class='ocrx_word' id='word_1_17' title='bbox 1176 371 1181 376; x_wconf 17' lang='grc' dir='ltr'><strong><em>ι</em></strong></span> <span class='ocrx_word' id='word_1_18' title='bbox 1225 289 1340 352; x_wconf 66' lang='grc' dir='ltr'><strong>Ᾱῐι</strong></span> <span class='ocrx_word' id='word_1_19' title='bbox 1368 289 1528 355; x_wconf 73' lang='lat' dir='ltr'><strong>vero</strong></span> <span class='ocrx_word' id='word_1_20' title='bbox 1560 290 1746 358; x_wconf 90' lang='lat' dir='ltr'><strong>obliti</strong></span> <span class='ocrx_word' id='word_1_21' title='bbox 1769 290 1948 372; x_wconf 71' lang='lat' dir='ltr'><strong>estis,</strong></span> <span class='ocrx_word' id='word_1_22' title='bbox 1978 294 2021 376; x_wconf 90' lang='lat' dir='ltr'>J</span> <span class='ocrx_word' id='word_1_23' title='bbox 2025 275 2167 360; x_wconf 83' lang='lat' dir='ltr'><strong>udi·</strong></span> 
     </span>
     <span class='ocr_line' id='line_1_7' title="bbox 210 395 2167 480; baseline 0.006 -22"><span class='ocrx_word' id='word_1_24' title='bbox 210 418 355 475; x_wconf 81' lang='lat' dir='ltr'><strong>ces,</strong></span> <span class='ocrx_word' id='word_1_25' title='bbox 405 395 651 459; x_wconf 82' lang='lat' dir='ltr'><strong>recenti</strong></span> <span class='ocrx_word' id='word_1_26' title='bbox 704 395 816 459; x_wconf 95' lang='lat' dir='ltr'><strong>illo</strong></span> <span class='ocrx_word' id='word_1_27' title='bbox 867 396 1105 462; x_wconf 85' lang='lat' dir='ltr'><strong>nuncio</strong></span> <span class='ocrx_word' id='word_1_28' title='bbox 1158 398 1338 461; x_wconf 86' lang='lat' dir='ltr'><strong>necis</strong></span> <span class='ocrx_word' id='word_1_29' title='bbox 1371 399 1754 480; x_wconf 81' lang='lat' dir='ltr'>Clodianae,</span> <span class='ocrx_word' id='word_1_30' title='bbox 1803 423 1933 468; x_wconf 89' lang='lat' dir='ltr'><strong>non</strong></span> <span class='ocrx_word' id='word_1_31' title='bbox 1964 402 2167 469; x_wconf 71' lang='lat' dir='ltr'><strong>modo</strong></span> 
     </span>
    </p>
   </div>
   <div class='ocr_carea' id='block_1_7' title="bbox 221 507 2171 2135">
    <p class='ocr_par' dir='ltr' id='par_1_7' title="bbox 221 507 2171 2135">
     <span class='ocr_line' id='line_1_8' title="bbox 222 507 2164 598; baseline 0.003 -27"><span class='ocrx_word' id='word_1_32' title='bbox 222 507 644 571; x_wconf 85' lang='lat' dir='ltr'><strong>inimicorum</strong></span> <span class='ocrx_word' id='word_1_33' title='bbox 678 507 958 571; x_wconf 79' lang='lat' dir='ltr'>Milonis</span> <span class='ocrx_word' id='word_1_34' title='bbox 989 530 1321 574; x_wconf 86' lang='lat' dir='ltr'><strong>sermones</strong></span> <span class='ocrx_word' id='word_1_35' title='bbox 1357 526 1432 575; x_wconf 74' lang='lat' dir='ltr'><strong>‚et</strong></span> <span class='ocrx_word' id='word_1_36' title='bbox 1460 511 1822 598; x_wconf 84' lang='lat' dir='ltr'><strong>opiniones,</strong></span> <span class='ocrx_word' id='word_1_37' title='bbox 1855 513 1974 578; x_wconf 86' lang='lat' dir='ltr'><strong>sed</strong></span> <span class='ocrx_word' id='word_1_38' title='bbox 2004 535 2164 576; x_wconf 88' lang='lat' dir='ltr'><strong>non-</strong></span> 
     </span>
     <span class='ocr_line' id='line_1_9' title="bbox 221 620 2166 708; baseline 0.002 -24"><span class='ocrx_word' id='word_1_39' title='bbox 221 620 553 684; x_wconf 87' lang='lat' dir='ltr'><strong>nullorum</strong></span> <span class='ocrx_word' id='word_1_40' title='bbox 585 620 784 686; x_wconf 86' lang='lat' dir='ltr'><strong>etiam</strong></span> <span class='ocrx_word' id='word_1_41' title='bbox 816 620 1288 705; x_wconf 84' lang='lat' dir='ltr'><strong>imperitorum,</strong></span> <span class='ocrx_word' id='word_1_42' title='bbox 1321 624 1434 706; x_wconf 89' lang='lat' dir='ltr'><strong>qui</strong></span> <span class='ocrx_word' id='word_1_43' title='bbox 1465 626 1786 708; x_wconf 82' lang='lat' dir='ltr'><strong>negabant</strong></span> <span class='ocrx_word' id='word_1_44' title='bbox 1825 646 1979 688; x_wconf 89' lang='lat' dir='ltr'><strong>eum</strong></span> <span class='ocrx_word' id='word_1_45' title='bbox 2030 624 2166 698; x_wconf 70' lang='lat' dir='ltr'><strong>Ro,-</strong></span> 
     </span>
     <span class='ocr_line' id='line_1_10' title="bbox 222 707 2170 800; baseline 0.003 -6"><span class='ocrx_word' id='word_1_46' title='bbox 222 752 404 794; x_wconf 84' lang='lat' dir='ltr'><strong>mam</strong></span> <span class='ocrx_word' id='word_1_47' title='bbox 427 752 571 794; x_wconf 86' lang='lat' dir='ltr'><strong>esse</strong></span> <span class='ocrx_word' id='word_1_48' title='bbox 601 707 964 795; x_wconf 76' lang='lat' dir='ltr'><strong>rediturum</strong></span> <span class='ocrx_word' id='word_1_49' title='bbox 989 731 1014 793; x_wconf 72' lang='grc' dir='ltr'><strong><em>ἓ</em></strong></span> <span class='ocrx_word' id='word_1_50' title='bbox 1059 731 1212 798; x_wconf 83' lang='lat' dir='ltr'><strong>Sive</strong></span> <span class='ocrx_word' id='word_1_51' title='bbox 1245 734 1419 798; x_wconf 84' lang='lat' dir='ltr'><strong>enim</strong></span> <span class='ocrx_word' id='word_1_52' title='bbox 1453 734 1617 798; x_wconf 91' lang='lat' dir='ltr'><strong>illud</strong></span> <span class='ocrx_word' id='word_1_53' title='bbox 1648 734 1865 799; x_wconf 87' lang='lat' dir='ltr'><strong>animo</strong></span> <span class='ocrx_word' id='word_1_54' title='bbox 1897 736 2061 799; x_wconf 81' lang='lat' dir='ltr'><strong>irato</strong></span> <span class='ocrx_word' id='word_1_55' title='bbox 2092 758 2170 800; x_wconf 84' lang='lat' dir='ltr'><strong>ac</strong></span> 
     </span>
     <span class='ocr_line' id='line_1_11' title="bbox 222 841 2171 929; baseline 0.003 -24"><span class='ocrx_word' id='word_1_56' title='bbox 222 842 475 929; x_wconf 82' lang='lat' dir='ltr'><strong>percito</strong></span> <span class='ocrx_word' id='word_1_57' title='bbox 506 841 789 924; x_wconf 85' lang='lat' dir='ltr'><strong>fecisset,</strong></span> <span class='ocrx_word' id='word_1_58' title='bbox 821 857 895 908; x_wconf 90' lang='lat' dir='ltr'><strong>ut</strong></span> <span class='ocrx_word' id='word_1_59' title='bbox 924 843 1224 908; x_wconf 75' lang='lat' dir='ltr'><strong>incensus</strong></span> <span class='ocrx_word' id='word_1_60' title='bbox 1253 846 1409 909; x_wconf 89' lang='lat' dir='ltr'><strong>odio</strong></span> <span class='ocrx_word' id='word_1_61' title='bbox 1434 845 1789 910; x_wconf 83' lang='lat' dir='ltr'><strong>trucidaret</strong></span> <span class='ocrx_word' id='word_1_62' title='bbox 1811 846 2171 927; x_wconf 86' lang='lat' dir='ltr'><strong>inimicum,</strong></span> 
     </span>
     <span class='ocr_line' id='line_1_12' title="bbox 226 952 2170 1040; baseline 0.004 -25"><span class='ocrx_word' id='word_1_63' title='bbox 226 952 706 1020; x_wconf 75' lang='lat' dir='ltr'><strong>arbitrabantur</strong></span> <span class='ocrx_word' id='word_1_64' title='bbox 734 974 885 1017; x_wconf 88' lang='lat' dir='ltr'><strong>eum</strong></span> <span class='ocrx_word' id='word_1_65' title='bbox 916 955 1077 1020; x_wconf 81' lang='lat' dir='ltr'><strong>tanti</strong></span> <span class='ocrx_word' id='word_1_66' title='bbox 1108 970 1387 1019; x_wconf 87' lang='lat' dir='ltr'><strong>mortem</strong></span> <span class='ocrx_word' id='word_1_67' title='bbox 1412 957 1488 1018; x_wconf 89' lang='lat' dir='ltr'><strong>P.</strong></span> <span class='ocrx_word' id='word_1_68' title='bbox 1518 956 1738 1026; x_wconf 88' lang='lat' dir='ltr'><strong>Clodii</strong></span> <span class='ocrx_word' id='word_1_69' title='bbox 1769 959 2049 1040; x_wconf 68' lang='lat' dir='ltr'><strong>putasse,</strong></span> <span class='ocrx_word' id='word_1_70' title='bbox 2095 971 2170 1022; x_wconf 90' lang='lat' dir='ltr'><strong>ut</strong></span> 
     </span>
     <span class='ocr_line' id='line_1_13' title="bbox 227 1041 2168 1147; baseline 0.002 -21"><span class='ocrx_word' id='word_1_71' title='bbox 227 1083 442 1145; x_wconf 85' lang='lat' dir='ltr'><strong>aequo</strong></span> <span class='ocrx_word' id='word_1_72' title='bbox 473 1062 689 1128; x_wconf 86' lang='lat' dir='ltr'><strong>animo</strong></span> <span class='ocrx_word' id='word_1_73' title='bbox 719 1062 924 1146; x_wconf 71' lang='lat' dir='ltr'><strong>patria</strong></span> <span class='ocrx_word' id='word_1_74' title='bbox 955 1078 1232 1144; x_wconf 81' lang='lat' dir='ltr'><strong>careret,</strong></span> <span class='ocrx_word' id='word_1_75' title='bbox 1258 1086 1408 1130; x_wconf 83' lang='lat' dir='ltr'><strong>cum</strong></span> <span class='ocrx_word' id='word_1_76' title='bbox 1439 1065 1751 1147; x_wconf 85' lang='lat' dir='ltr'><strong>sanguine</strong></span> <span class='ocrx_word' id='word_1_77' title='bbox 1785 1041 2031 1128; x_wconf 71' lang='lat' dir='ltr'><strong>inimici</strong></span> <span class='ocrx_word' id='word_1_78' title='bbox 2056 1087 2168 1130; x_wconf 83' lang='lat' dir='ltr'><strong>ex-</strong></span> 
     </span>
     <span class='ocr_line' id='line_1_14' title="bbox 227 1171 2167 1258; baseline 0.003 -25"><span class='ocrx_word' id='word_1_79' title='bbox 227 1172 482 1257; x_wconf 71' lang='lat' dir='ltr'><strong>plesset</strong></span> <span class='ocrx_word' id='word_1_80' title='bbox 507 1171 734 1235; x_wconf 88' lang='lat' dir='ltr'><strong>odium</strong></span> <span class='ocrx_word' id='word_1_81' title='bbox 767 1191 1001 1243; x_wconf 82' lang='lat' dir='ltr'><strong>suum:</strong></span> <span class='ocrx_word' id='word_1_82' title='bbox 1045 1173 1183 1235; x_wconf 89' lang='lat' dir='ltr'><strong>sive</strong></span> <span class='ocrx_word' id='word_1_83' title='bbox 1216 1174 1413 1236; x_wconf 81' lang='lat' dir='ltr'><strong>etiam</strong></span> <span class='ocrx_word' id='word_1_84' title='bbox 1447 1172 1617 1236; x_wconf 88' lang='lat' dir='ltr'><strong>illius</strong></span> <span class='ocrx_word' id='word_1_85' title='bbox 1652 1188 1857 1237; x_wconf 89' lang='lat' dir='ltr'><strong>morte</strong></span> <span class='ocrx_word' id='word_1_86' title='bbox 1891 1177 2167 1258; x_wconf 86' lang='lat' dir='ltr'><strong>patriam</strong></span> 
     </span>
     <span class='ocr_line' id='line_1_15' title="bbox 229 1280 2166 1366; baseline 0.002 -21"><span class='ocrx_word' id='word_1_87' title='bbox 229 1282 507 1345; x_wconf 83' lang='lat' dir='ltr'><strong>liberare</strong></span> <span class='ocrx_word' id='word_1_88' title='bbox 553 1280 889 1359; x_wconf 74' lang='lat' dir='ltr'><strong>voluisset,</strong></span> <span class='ocrx_word' id='word_1_89' title='bbox 949 1304 1080 1345; x_wconf 87' lang='lat' dir='ltr'><strong>non</strong></span> <span class='ocrx_word' id='word_1_90' title='bbox 1130 1282 1576 1350; x_wconf 85' lang='lat' dir='ltr'><strong>dubitaturum</strong></span> <span class='ocrx_word' id='word_1_91' title='bbox 1638 1281 1875 1347; x_wconf 83' lang='lat' dir='ltr'><strong>fortem</strong></span> <span class='ocrx_word' id='word_1_92' title='bbox 1927 1286 2166 1366; x_wconf 83' lang='lat' dir='ltr'><strong>virum,</strong></span> 
     </span>
     <span class='ocr_line' id='line_1_16' title="bbox 232 1390 2165 1477; baseline 0 -21"><span class='ocrx_word' id='word_1_93' title='bbox 232 1391 392 1477; x_wconf 77' lang='lat' dir='ltr'><strong>quin</strong></span> <span class='ocrx_word' id='word_1_94' title='bbox 425 1412 573 1455; x_wconf 91' lang='lat' dir='ltr'><strong>cum</strong></span> <span class='ocrx_word' id='word_1_95' title='bbox 602 1412 723 1454; x_wconf 86' lang='lat' dir='ltr'><strong>suo</strong></span> <span class='ocrx_word' id='word_1_96' title='bbox 754 1390 1042 1476; x_wconf 80' lang='lat' dir='ltr'><strong>periculo</strong></span> <span class='ocrx_word' id='word_1_97' title='bbox 1086 1391 1366 1456; x_wconf 89' lang='lat' dir='ltr'><strong>salutem</strong></span> <span class='ocrx_word' id='word_1_98' title='bbox 1391 1393 1789 1476; x_wconf 66' lang='lat' dir='ltr'><strong>reipublicae</strong></span> <span class='ocrx_word' id='word_1_99' title='bbox 1821 1395 2165 1473; x_wconf 74' lang='lat' dir='ltr'><strong>attulisset,</strong></span> 
     </span>
     <span class='ocr_line' id='line_1_17' title="bbox 229 1490 2167 1589; baseline 0.001 -23"><span class='ocrx_word' id='word_1_100' title='bbox 229 1490 495 1566; x_wconf 79' lang='lat' dir='ltr'><strong>cederet</strong></span> <span class='ocrx_word' id='word_1_101' title='bbox 525 1515 734 1585; x_wconf 85' lang='lat' dir='ltr'><strong>aequo</strong></span> <span class='ocrx_word' id='word_1_102' title='bbox 767 1501 983 1565; x_wconf 87' lang='lat' dir='ltr'><strong>animo</strong></span> <span class='ocrx_word' id='word_1_103' title='bbox 1013 1502 1289 1586; x_wconf 84' lang='lat' dir='ltr'><strong>legibus,</strong></span> <span class='ocrx_word' id='word_1_104' title='bbox 1321 1525 1542 1567; x_wconf 87' lang='lat' dir='ltr'><strong>secum</strong></span> <span class='ocrx_word' id='word_1_105' title='bbox 1576 1502 1860 1567; x_wconf 83' lang='lat' dir='ltr'><strong>auferret</strong></span> <span class='ocrx_word' id='word_1_106' title='bbox 1892 1506 2167 1589; x_wconf 72' lang='lat' dir='ltr'><strong>gloriam</strong></span> 
     </span>
     <span class='ocr_line' id='line_1_18' title="bbox 229 1606 2166 1701; baseline 0.003 -25"><span class='ocrx_word' id='word_1_107' title='bbox 229 1613 711 1699; x_wconf 84' lang='lat' dir='ltr'><strong>sempiternam,</strong></span> <span class='ocrx_word' id='word_1_108' title='bbox 742 1614 927 1677; x_wconf 81' lang='lat' dir='ltr'><strong>nobi‘s</strong></span> <span class='ocrx_word' id='word_1_109' title='bbox 958 1615 1116 1680; x_wconf 85' lang='lat' dir='ltr'><strong>haec</strong></span> <span class='ocrx_word' id='word_1_110' title='bbox 1147 1613 1426 1679; x_wconf 79' lang='lat' dir='ltr'><strong>fruenda</strong></span> <span class='ocrx_word' id='word_1_111' title='bbox 1454 1616 1799 1699; x_wconf 82' lang='lat' dir='ltr'><strong>linqueret,</strong></span> <span class='ocrx_word' id='word_1_112' title='bbox 1832 1606 1994 1699; x_wconf 80' lang='lat' dir='ltr'><strong>quae</strong></span> <span class='ocrx_word' id='word_1_113' title='bbox 2027 1619 2166 1701; x_wconf 86' lang='lat' dir='ltr'><strong>ipse</strong></span> 
     </span>
     <span class='ocr_line' id='line_1_19' title="bbox 231 1723 2162 1809; baseline -0.001 -20"><span class='ocrx_word' id='word_1_114' title='bbox 231 1725 574 1789; x_wconf 64' lang='lat' dir='ltr'><strong>servisset.</strong></span> <span class='ocrx_word' id='word_1_115' title='bbox 664 1723 873 1806; x_wconf 86' lang='lat' dir='ltr'><strong>Multi</strong></span> <span class='ocrx_word' id='word_1_116' title='bbox 927 1724 1126 1788; x_wconf 82' lang='lat' dir='ltr'><strong>etiam</strong></span> <span class='ocrx_word' id='word_1_117' title='bbox 1179 1723 1552 1802; x_wconf 83' lang='lat' dir='ltr'><strong>Catilinam,</strong></span> <span class='ocrx_word' id='word_1_118' title='bbox 1584 1739 1778 1807; x_wconf 86' lang='lat' dir='ltr'><strong>atque</strong></span> <span class='ocrx_word' id='word_1_119' title='bbox 1829 1726 1941 1787; x_wconf 92' lang='lat' dir='ltr'><strong>illa</strong></span> <span class='ocrx_word' id='word_1_120' title='bbox 1980 1728 2162 1809; x_wconf 84' lang='lat' dir='ltr'><strong>³por-</strong></span> 
     </span>
     <span class='ocr_line' id='line_1_20' title="bbox 228 1830 2165 1916; baseline -0.001 -20"><span class='ocrx_word' id='word_1_121' title='bbox 228 1845 409 1896; x_wconf 86' lang='lat' dir='ltr'><strong>tenta</strong></span> <span class='ocrx_word' id='word_1_122' title='bbox 436 1831 866 1915; x_wconf 83' lang='lat' dir='ltr'><strong>loquebantur</strong></span> <span class='ocrx_word' id='word_1_123' title='bbox 892 1854 909 1893; x_wconf 71' lang='grc' dir='ltr'><em>τ</em></span> <span class='ocrx_word' id='word_1_124' title='bbox 960 1830 1467 1910; x_wconf 89' lang='lat' dir='ltr'>ERUMPET‚</span> <span class='ocrx_word' id='word_1_125' title='bbox 1503 1832 1849 1916; x_wconf 85' lang='lat' dir='ltr'><strong>occupabit</strong></span> <span class='ocrx_word' id='word_1_126' title='bbox 1880 1832 2165 1914; x_wconf 81' lang='lat' dir='ltr'><strong>aliquem</strong></span> 
     </span>
     <span class='ocr_line' id='line_1_21' title="bbox 231 1940 2165 2025; baseline -0.001 -19"><span class='ocrx_word' id='word_1_127' title='bbox 231 1943 477 2022; x_wconf 84' lang='lat' dir='ltr'><strong>locum,</strong></span> <span class='ocrx_word' id='word_1_128' title='bbox 506 1940 749 2004; x_wconf 89' lang='lat' dir='ltr'><strong>bellum</strong></span> <span class='ocrx_word' id='word_1_129' title='bbox 778 1940 1025 2025; x_wconf 86' lang='lat' dir='ltr'><strong>patriae</strong></span> <span class='ocrx_word' id='word_1_130' title='bbox 1043 1940 1284 2004; x_wconf 84' lang='lat' dir='ltr'><strong>faciet:</strong></span> <span class='ocrx_word' id='word_1_131' title='bbox 1333 1941 1606 2005; x_wconf 85' lang='lat' dir='ltr'><strong>miseros</strong></span> <span class='ocrx_word' id='word_1_132' title='bbox 1631 1941 1960 2005; x_wconf 87' lang='lat' dir='ltr'><strong>interdum</strong></span> <span class='ocrx_word' id='word_1_133' title='bbox 1990 1940 2165 2005; x_wconf 86' lang='lat' dir='ltr'><strong>cives</strong></span> 
     </span>
     <span class='ocr_line' id='line_1_22' title="bbox 230 2044 2169 2135; baseline 0.001 -21"><span class='ocrx_word' id='word_1_134' title='bbox 230 2044 479 2134; x_wconf 73' lang='lat' dir='ltr'><strong>optime</strong></span> <span class='ocrx_word' id='word_1_135' title='bbox 514 2049 595 2113; x_wconf 89' lang='lat' dir='ltr'><strong>de</strong></span> <span class='ocrx_word' id='word_1_136' title='bbox 641 2048 972 2135; x_wconf 71' lang='lat' dir='ltr'><strong>republica·</strong></span> <span class='ocrx_word' id='word_1_137' title='bbox 996 2048 1288 2128; x_wconf 86' lang='lat' dir='ltr'><strong>meritos,</strong></span> <span class='ocrx_word' id='word_1_138' title='bbox 1320 2049 1386 2113; x_wconf 91' lang='lat' dir='ltr'><strong>in</strong></span> <span class='ocrx_word' id='word_1_139' title='bbox 1418 2049 1654 2132; x_wconf 85' lang='lat' dir='ltr'><strong>quibus</strong></span> <span class='ocrx_word' id='word_1_140' title='bbox 1699 2050 1994 2115; x_wconf 88' lang='lat' dir='ltr'><strong>homines</strong></span> <span class='ocrx_word' id='word_1_141' title='bbox 2038 2072 2169 2115; x_wconf 89' lang='lat' dir='ltr'><strong>non</strong></span> 
     </span>
    </p>
   </div>
   <div class='ocr_carea' id='block_1_8' title="bbox 177 2158 2163 2244">
    <p class='ocr_par' dir='ltr' id='par_1_8' title="bbox 177 2158 2163 2244">
     <span class='ocr_line' id='line_1_23' title="bbox 177 2158 2163 2244; baseline 0.001 -20"><span class='ocrx_word' id='word_1_142' title='bbox 177 2159 435 2224; x_wconf 58' lang='lat' dir='ltr'><strong>*modo</strong></span> <span class='ocrx_word' id='word_1_143' title='bbox 483 2181 588 2223; x_wconf 86' lang='lat' dir='ltr'><strong>res</strong></span> <span class='ocrx_word' id='word_1_144' title='bbox 639 2158 1185 2244; x_wconf 84' lang='lat' dir='ltr'><strong>praeclarissimas</strong></span> <span class='ocrx_word' id='word_1_145' title='bbox 1238 2159 1730 2240; x_wconf 86' lang='lat' dir='ltr'><strong>obliviscuntur,</strong></span> <span class='ocrx_word' id='word_1_146' title='bbox 1784 2160 1902 2226; x_wconf 86' lang='lat' dir='ltr'><strong>sed</strong></span> <span class='ocrx_word' id='word_1_147' title='bbox 1961 2160 2163 2225; x_wconf 87' lang='lat' dir='ltr'><strong>etiam</strong></span> 
     </span>
    </p>
   </div>
   <div class='ocr_carea' id='block_1_9' title="bbox 216 2268 2168 2686">
    <p class='ocr_par' dir='ltr' id='par_1_9' title="bbox 216 2268 2164 2580">
     <span class='ocr_line' id='line_1_24' title="bbox 226 2268 2164 2356; baseline -0.002 -20"><span class='ocrx_word' id='word_1_148' title='bbox 226 2270 513 2336; x_wconf 83' lang='lat' dir='ltr'><strong>nefarias</strong></span> <span class='ocrx_word' id='word_1_149' title='bbox 537 2270 982 2356; x_wconf 85' lang='lat' dir='ltr'><strong>suspicantur!</strong></span> <span class='ocrx_word' id='word_1_150' title='bbox 1031 2270 1213 2355; x_wconf 85' lang='lat' dir='ltr'><strong>Ergo</strong></span> <span class='ocrx_word' id='word_1_151' title='bbox 1271 2269 1382 2333; x_wconf 91' lang='lat' dir='ltr'><strong>illa</strong></span> <span class='ocrx_word' id='word_1_152' title='bbox 1435 2268 1601 2335; x_wconf 84' lang='lat' dir='ltr'><strong>falsa</strong></span> <span class='ocrx_word' id='word_1_153' title='bbox 1644 2269 1947 2345; x_wconf 83' lang='lat' dir='ltr'><strong>fuerunt3</strong></span> <span class='ocrx_word' id='word_1_154' title='bbox 1995 2290 2164 2353; x_wconf 88' lang='lat' dir='ltr'><strong>quae</strong></span> 
     </span>
     <span class='ocr_line' id='line_1_25' title="bbox 216 2376 2163 2464; baseline -0.003 -17"><span class='ocrx_word' id='word_1_155' title='bbox 216 2376 408 2446; x_wconf 62' lang='lat' dir='ltr'><strong>&#39;certe</strong></span> <span class='ocrx_word' id='word_1_156' title='bbox 464 2403 622 2445; x_wconf 86' lang='lat' dir='ltr'><strong>vera</strong></span> <span class='ocrx_word' id='word_1_157' title='bbox 683 2381 1070 2461; x_wconf 81' lang='lat' dir='ltr'><strong>extitissent,</strong></span> <span class='ocrx_word' id='word_1_158' title='bbox 1112 2381 1170 2443; x_wconf 80' lang='lat' dir='ltr'><strong>si</strong></span> <span class='ocrx_word' id='word_1_159' title='bbox 1236 2381 1411 2445; x_wconf 90' lang='lat' dir='ltr'><strong>Milo</strong></span> <span class='ocrx_word' id='word_1_160' title='bbox 1465 2383 1839 2446; x_wconf 85' lang='lat' dir='ltr'><strong>admisisset</strong></span> <span class='ocrx_word' id='word_1_161' title='bbox 1889 2380 2163 2464; x_wconf 86' lang='lat' dir='ltr'><strong>aliquid,</strong></span> 
     </span>
     <span class='ocr_line' id='line_1_26' title="bbox 234 2486 1857 2580; baseline -0.003 -23"><span class='ocrx_word' id='word_1_162' title='bbox 234 2495 413 2580; x_wconf 86' lang='lat' dir='ltr'><strong>quod</strong></span> <span class='ocrx_word' id='word_1_163' title='bbox 443 2514 573 2557; x_wconf 89' lang='lat' dir='ltr'><strong>non</strong></span> <span class='ocrx_word' id='word_1_164' title='bbox 603 2507 821 2578; x_wconf 85' lang='lat' dir='ltr'><strong>posset</strong></span> <span class='ocrx_word' id='word_1_165' title='bbox 850 2489 1119 2559; x_wconf 72' lang='lat' dir='ltr'><strong>honeste</strong></span> <span class='ocrx_word' id='word_1_166' title='bbox 1164 2486 1452 2573; x_wconf 68' lang='lat' dir='ltr'><strong>vereque</strong></span> <span class='ocrx_word' id='word_1_167' title='bbox 1485 2491 1857 2554; x_wconf 86' lang='lat' dir='ltr'><strong>defendere.</strong></span> 
     </span>
    </p>

    <p class='ocr_par' dir='ltr' id='par_1_10' title="bbox 322 2597 2168 2686">
     <span class='ocr_line' id='line_1_27' title="bbox 322 2597 2168 2686; baseline -0.003 -20"><span class='ocrx_word' id='word_1_168' title='bbox 322 2605 584 2667; x_wconf 83' lang='lat' dir='ltr'><strong>XXIV.</strong></span> <span class='ocrx_word' id='word_1_169' title='bbox 635 2602 841 2681; x_wconf 75' lang='lat' dir='ltr'><strong>Quid,</strong></span> <span class='ocrx_word' id='word_1_170' title='bbox 872 2623 1038 2685; x_wconf 88' lang='lat' dir='ltr'><strong>quae</strong></span> <span class='ocrx_word' id='word_1_171' title='bbox 1084 2614 1312 2684; x_wconf 82' lang='lat' dir='ltr'><strong>postea</strong></span> <span class='ocrx_word' id='word_1_172' title='bbox 1341 2611 1491 2661; x_wconf 89' lang='lat' dir='ltr'><strong>sunt</strong></span> <span class='ocrx_word' id='word_1_173' title='bbox 1529 2597 1595 2659; x_wconf 91' lang='lat' dir='ltr'><strong>in</strong></span> <span class='ocrx_word' id='word_1_174' title='bbox 1628 2619 1779 2659; x_wconf 87' lang='lat' dir='ltr'><strong>eum</strong></span> <span class='ocrx_word' id='word_1_175' title='bbox 1811 2611 2115 2686; x_wconf 78' lang='lat' dir='ltr'><strong>congesta</strong></span> <span class='ocrx_word' id='word_1_176' title='bbox 2143 2597 2168 2660; x_wconf 70' lang='grc' dir='ltr'><strong><em>ἓ</em></strong></span> 
     </span>
    </p>
   </div>
   <div class='ocr_carea' id='block_1_10' title="bbox 164 2705 2197 3011">
    <p class='ocr_par' dir='ltr' id='par_1_11' title="bbox 164 2705 2197 3011">
     <span class='ocr_line' id='line_1_28' title="bbox 231 2705 2178 2799; baseline -0.006 -23"><span class='ocrx_word' id='word_1_177' title='bbox 231 2714 439 2799; x_wconf 51' lang='lat' dir='ltr'><strong>quaer.-</strong></span> <span class='ocrx_word' id='word_1_178' title='bbox 463 2713 759 2794; x_wconf 87' lang='lat' dir='ltr'><strong>quemvis</strong></span> <span class='ocrx_word' id='word_1_179' title='bbox 813 2710 1010 2773; x_wconf 85' lang='lat' dir='ltr'><strong>etiam</strong></span> <span class='ocrx_word' id='word_1_180' title='bbox 1072 2706 1502 2771; x_wconf 85' lang='lat' dir='ltr'><strong>mediocrium</strong></span> <span class='ocrx_word' id='word_1_181' title='bbox 1557 2705 1944 2768; x_wconf 89' lang='lat' dir='ltr'><strong>delictorum</strong></span> <span class='ocrx_word' id='word_1_182' title='bbox 2003 2725 2178 2785; x_wconf 32' lang='lat' dir='ltr'><strong>con--</strong></span> 
     </span>
     <span class='ocr_line' id='line_1_29' title="bbox 234 2777 2197 2906; baseline -0.004 -18"><span class='ocrx_word' id='word_1_183' title='bbox 234 2777 502 2889; x_wconf 53' lang='lat' dir='ltr'><strong>seienitia</strong></span> <span class='ocrx_word' id='word_1_184' title='bbox 553 2822 996 2906; x_wconf 88' lang='lat' dir='ltr'><strong>perculissent,</strong></span> <span class='ocrx_word' id='word_1_185' title='bbox 1047 2833 1119 2884; x_wconf 92' lang='lat' dir='ltr'><strong>ut</strong></span> <span class='ocrx_word' id='word_1_186' title='bbox 1171 2815 1525 2882; x_wconf 84' lang='lat' dir='ltr'><strong>sustinuit?</strong></span> <span class='ocrx_word' id='word_1_187' title='bbox 1572 2815 1665 2877; x_wconf 89' lang='lat' dir='ltr'><strong>dii</strong></span> <span class='ocrx_word' id='word_1_188' title='bbox 1723 2814 2119 2877; x_wconf 85' lang='lat' dir='ltr'><strong>immortales</strong></span> <span class='ocrx_word' id='word_1_189' title='bbox 2149 2814 2197 2880; x_wconf 69' lang='lat' dir='ltr'><strong>l,</strong></span> 
     </span>
     <span class='ocr_line' id='line_1_30' title="bbox 164 2924 2169 3011; baseline -0.005 -11"><span class='ocrx_word' id='word_1_190' title='bbox 164 2976 175 2982; x_wconf 87' lang='lat'><strong>·</strong></span> <span class='ocrx_word' id='word_1_191' title='bbox 233 2934 591 2999; x_wconf 76' lang='lat' dir='ltr'><strong>sustinuit?</strong></span> <span class='ocrx_word' id='word_1_192' title='bbox 632 2934 834 2997; x_wconf 89' lang='lat' dir='ltr'><strong>immo</strong></span> <span class='ocrx_word' id='word_1_193' title='bbox 885 2931 1048 2997; x_wconf 74' lang='lat' dir='ltr'><strong>vero</strong></span> <span class='ocrx_word' id='word_1_194' title='bbox 1098 2943 1174 2993; x_wconf 92' lang='lat' dir='ltr'><strong>ut</strong></span> <span class='ocrx_word' id='word_1_195' title='bbox 1219 2927 1612 3010; x_wconf 63' lang='lat' dir='ltr'><strong>‚contempsit</strong></span> <span class='ocrx_word' id='word_1_196' title='bbox 1664 2948 1738 2990; x_wconf 88' lang='lat' dir='ltr'><strong>ac</strong></span> <span class='ocrx_word' id='word_1_197' title='bbox 1771 2946 1909 3011; x_wconf 43' lang='lat' dir='ltr'><strong>2pro</strong></span> <span class='ocrx_word' id='word_1_198' title='bbox 1965 2924 2169 2990; x_wconf 89' lang='lat' dir='ltr'><strong>nihilo</strong></span> 
     </span>
    </p>
   </div>
   <div class='ocr_carea' id='block_1_11' title="bbox 231 3040 2168 3350">
    <p class='ocr_par' dir='ltr' id='par_1_12' title="bbox 231 3040 2168 3350">
     <span class='ocr_line' id='line_1_31' title="bbox 231 3040 2166 3135; baseline -0.005 -22"><span class='ocrx_word' id='word_1_199' title='bbox 231 3049 530 3135; x_wconf 80' lang='lat' dir='ltr'><strong>putavit?</strong></span> <span class='ocrx_word' id='word_1_200' title='bbox 579 3070 743 3130; x_wconf 87' lang='lat' dir='ltr'><strong>quae</strong></span> <span class='ocrx_word' id='word_1_201' title='bbox 786 3067 996 3130; x_wconf 81' lang='lat' dir='ltr'><strong>neque</strong></span> <span class='ocrx_word' id='word_1_202' title='bbox 1051 3044 1340 3106; x_wconf 85' lang='lat' dir='ltr'><strong>maximo</strong></span> <span class='ocrx_word' id='word_1_203' title='bbox 1393 3040 1612 3105; x_wconf 87' lang='lat' dir='ltr'><strong>animo</strong></span> <span class='ocrx_word' id='word_1_204' title='bbox 1663 3062 1928 3119; x_wconf 75' lang='lat' dir='ltr'><strong>nocenS,</strong></span> <span class='ocrx_word' id='word_1_205' title='bbox 1957 3059 2166 3122; x_wconf 89' lang='lat' dir='ltr'><strong>neque</strong></span> 
     </span>
     <span class='ocr_line' id='line_1_32' title="bbox 231 3150 2167 3236; baseline -0.005 -14"><span class='ocrx_word' id='word_1_206' title='bbox 231 3159 563 3236; x_wconf 69' lang='lat' dir='ltr'><strong>inuocem,</strong></span> <span class='ocrx_word' id='word_1_207' title='bbox 624 3157 749 3220; x_wconf 90' lang='lat' dir='ltr'><strong>nisi</strong></span> <span class='ocrx_word' id='word_1_208' title='bbox 805 3155 1199 3218; x_wconf 88' lang='lat' dir='ltr'><strong>fortissimus</strong></span> <span class='ocrx_word' id='word_1_209' title='bbox 1232 3153 1356 3231; x_wconf 87' lang='lat' dir='ltr'><strong>vir,</strong></span> <span class='ocrx_word' id='word_1_210' title='bbox 1407 3151 1735 3234; x_wconf 85' lang='lat' dir='ltr'><strong>negligere</strong></span> <span class='ocrx_word' id='word_1_211' title='bbox 1789 3150 2107 3233; x_wconf 89' lang='lat' dir='ltr'><strong>potuisset</strong></span> <span class='ocrx_word' id='word_1_212' title='bbox 2146 3171 2167 3212; x_wconf 75' lang='lat' dir='ltr'><strong>t</strong></span> 
     </span>
     <span class='ocr_line' id='line_1_33' title="bbox 232 3259 2168 3350; baseline -0.005 -20"><span class='ocrx_word' id='word_1_213' title='bbox 232 3283 592 3344; x_wconf 88' lang='lat' dir='ltr'><strong>scutorum,</strong></span> <span class='ocrx_word' id='word_1_214' title='bbox 624 3265 1013 3350; x_wconf 87' lang='lat' dir='ltr'><strong>gladiorum,</strong></span> <span class='ocrx_word' id='word_1_215' title='bbox 1036 3261 1396 3340; x_wconf 89' lang='lat' dir='ltr'><strong>frenorum,</strong></span> <span class='ocrx_word' id='word_1_216' title='bbox 1419 3264 1819 3344; x_wconf 83' lang='lat' dir='ltr'><strong>⁴sparorum,</strong></span> <span class='ocrx_word' id='word_1_217' title='bbox 1856 3259 2168 3344; x_wconf 89' lang='lat' dir='ltr'><strong>pilorum-</strong></span> 
     </span>
    </p>
   </div>
   <div class='ocr_carea' id='block_1_12' title="bbox 231 3407 2174 3753">
    <p class='ocr_par' dir='ltr' id='par_1_13' title="bbox 232 3407 2174 3555">
     <span class='ocr_line' id='line_1_34' title="bbox 299 3407 2174 3485; baseline -0.008 -13"><span class='ocrx_word' id='word_1_218' title='bbox 299 3422 348 3472; x_wconf 88' lang='grc'><strong>3.</strong></span> <span class='ocrx_word' id='word_1_219' title='bbox 385 3421 481 3469; x_wconf 83' lang='lat' dir='ltr'><strong>Illa</strong></span> <span class='ocrx_word' id='word_1_220' title='bbox 496 3416 957 3485; x_wconf 74' lang='lat' dir='ltr'><strong>portenta--Those</strong></span> <span class='ocrx_word' id='word_1_221' title='bbox 982 3414 1186 3467; x_wconf 84' lang='lat' dir='ltr'><strong>wicked</strong></span> <span class='ocrx_word' id='word_1_222' title='bbox 1206 3415 1522 3474; x_wconf 83' lang='lat' dir='ltr'><strong>characters,</strong></span> <span class='ocrx_word' id='word_1_223' title='bbox 1545 3412 1661 3463; x_wconf 84' lang='lat' dir='ltr'><strong>who</strong></span> <span class='ocrx_word' id='word_1_224' title='bbox 1684 3427 1822 3462; x_wconf 84' lang='lat' dir='ltr'><strong>were</strong></span> <span class='ocrx_word' id='word_1_225' title='bbox 1843 3409 2026 3461; x_wconf 86' lang='lat' dir='ltr'><strong>united</strong></span> <span class='ocrx_word' id='word_1_226' title='bbox 2048 3407 2174 3458; x_wconf 80' lang='lat' dir='ltr'><strong>with</strong></span> 
     </span>
     <span class='ocr_line' id='line_1_35' title="bbox 232 3484 1812 3555; baseline -0.009 -16"><span class='ocrx_word' id='word_1_227' title='bbox 232 3487 454 3540; x_wconf 81' lang='lat' dir='ltr'><strong>Catiline</strong></span> <span class='ocrx_word' id='word_1_228' title='bbox 477 3488 529 3536; x_wconf 85' lang='lat' dir='ltr'><strong>&#39;m</strong></span> <span class='ocrx_word' id='word_1_229' title='bbox 548 3488 639 3535; x_wconf 84' lang='lat' dir='ltr'><strong>the</strong></span> <span class='ocrx_word' id='word_1_230' title='bbox 664 3484 983 3549; x_wconf 80' lang='lat' dir='ltr'><strong>conspiracy.</strong></span> <span class='ocrx_word' id='word_1_231' title='bbox 1801 3543 1812 3555; x_wconf 90' lang='lat'><strong>.</strong></span> 
     </span>
    </p>

    <p class='ocr_par' dir='ltr' id='par_1_14' title="bbox 231 3540 2174 3753">
     <span class='ocr_line' id='line_1_36' title="bbox 299 3540 2174 3619; baseline -0.009 -15"><span class='ocrx_word' id='word_1_232' title='bbox 299 3559 347 3605; x_wconf 81' lang='lat'><strong>4.</strong></span> <span class='ocrx_word' id='word_1_233' title='bbox 386 3556 670 3619; x_wconf 74' lang='lat' dir='ltr'><strong>Sparorum,</strong></span> <span class='ocrx_word' id='word_1_234' title='bbox 693 3552 957 3602; x_wconf 69' lang='lat' dir='ltr'><strong>eta--The</strong></span> <span class='ocrx_word' id='word_1_235' title='bbox 997 3558 1172 3615; x_wconf 75' lang='lat' dir='ltr'><strong>sparus</strong></span> <span class='ocrx_word' id='word_1_236' title='bbox 1217 3565 1322 3599; x_wconf 85' lang='lat' dir='ltr'><strong>was</strong></span> <span class='ocrx_word' id='word_1_237' title='bbox 1358 3565 1388 3598; x_wconf 89' lang='lat' dir='ltr'><strong>a</strong></span> <span class='ocrx_word' id='word_1_238' title='bbox 1408 3546 1538 3598; x_wconf 84' lang='lat' dir='ltr'><strong>kind</strong></span> <span class='ocrx_word' id='word_1_239' title='bbox 1576 3544 1639 3596; x_wconf 84' lang='lat' dir='ltr'><strong>of</strong></span> <span class='ocrx_word' id='word_1_240' title='bbox 1658 3543 1867 3613; x_wconf 83' lang='lat' dir='ltr'><strong>javelm.</strong></span> <span class='ocrx_word' id='word_1_241' title='bbox 1933 3540 2048 3589; x_wconf 88' lang='lat' dir='ltr'><strong>The</strong></span> <span class='ocrx_word' id='word_1_242' title='bbox 2070 3543 2174 3605; x_wconf 81' lang='lat' dir='ltr'><strong>pila</strong></span> 
     </span>
     <span class='ocr_line' id='line_1_37' title="bbox 231 3607 2171 3674; baseline -0.008 -2"><span class='ocrx_word' id='word_1_243' title='bbox 231 3620 294 3672; x_wconf 75' lang='lat' dir='ltr'><strong>of</strong></span> <span class='ocrx_word' id='word_1_244' title='bbox 303 3623 396 3671; x_wconf 84' lang='lat' dir='ltr'><strong>the</strong></span> <span class='ocrx_word' id='word_1_245' title='bbox 422 3626 649 3670; x_wconf 79' lang='lat' dir='ltr'><strong>Romans</strong></span> <span class='ocrx_word' id='word_1_246' title='bbox 667 3635 806 3669; x_wconf 80' lang='lat' dir='ltr'><strong>were</strong></span> <span class='ocrx_word' id='word_1_247' title='bbox 845 3616 907 3668; x_wconf 82' lang='lat' dir='ltr'><strong>of</strong></span> <span class='ocrx_word' id='word_1_248' title='bbox 936 3626 1040 3668; x_wconf 81' lang='lat' dir='ltr'><strong>two</strong></span> <span class='ocrx_word' id='word_1_249' title='bbox 1061 3616 1218 3667; x_wconf 83' lang='lat' dir='ltr'><strong>kinds</strong></span> <span class='ocrx_word' id='word_1_250' title='bbox 1241 3639 1253 3674; x_wconf 72' lang='grc' dir='ltr'>ς</span> <span class='ocrx_word' id='word_1_251' title='bbox 1289 3617 1379 3666; x_wconf 86' lang='lat' dir='ltr'><strong>the</strong></span> <span class='ocrx_word' id='word_1_252' title='bbox 1409 3630 1507 3664; x_wconf 90' lang='lat' dir='ltr'><strong>one</strong></span> <span class='ocrx_word' id='word_1_253' title='bbox 1532 3628 1636 3662; x_wconf 84' lang='lat' dir='ltr'><strong>was</strong></span> <span class='ocrx_word' id='word_1_254' title='bbox 1667 3624 1822 3659; x_wconf 79' lang='lat' dir='ltr'><strong>seven</strong></span> <span class='ocrx_word' id='word_1_255' title='bbox 1841 3607 1950 3657; x_wconf 86' lang='lat' dir='ltr'><strong>feet</strong></span> <span class='ocrx_word' id='word_1_256' title='bbox 1982 3608 2084 3656; x_wconf 79' lang='lat' dir='ltr'><strong>and</strong></span> <span class='ocrx_word' id='word_1_257' title='bbox 2106 3624 2171 3658; x_wconf 86' lang='lat' dir='ltr'><strong>an</strong></span> 
     </span>
     <span class='ocr_line' id='line_1_38' title="bbox 233 3674 2170 3753; baseline -0.007 -14"><span class='ocrx_word' id='word_1_258' title='bbox 233 3687 350 3738; x_wconf 78' lang='lat' dir='ltr'><strong>half</strong></span> <span class='ocrx_word' id='word_1_259' title='bbox 359 3689 502 3753; x_wconf 73' lang='lat' dir='ltr'><strong>long,</strong></span> <span class='ocrx_word' id='word_1_260' title='bbox 543 3686 644 3735; x_wconf 81' lang='lat' dir='ltr'><strong>and</strong></span> <span class='ocrx_word' id='word_1_261' title='bbox 662 3687 752 3736; x_wconf 82' lang='lat' dir='ltr'><strong>the</strong></span> <span class='ocrx_word' id='word_1_262' title='bbox 775 3686 886 3735; x_wconf 90' lang='lat' dir='ltr'><strong>iron</strong></span> <span class='ocrx_word' id='word_1_263' title='bbox 920 3683 990 3736; x_wconf 80' lang='lat' dir='ltr'><strong>of</strong></span> <span class='ocrx_word' id='word_1_264' title='bbox 1019 3685 1062 3736; x_wconf 88' lang='lat' dir='ltr'><strong>it</strong></span> <span class='ocrx_word' id='word_1_265' title='bbox 1098 3683 1341 3748; x_wconf 83' lang='lat' dir='ltr'><strong>weighed</strong></span> <span class='ocrx_word' id='word_1_266' title='bbox 1375 3680 1494 3730; x_wconf 87' lang='lat' dir='ltr'><strong>nine</strong></span> <span class='ocrx_word' id='word_1_267' title='bbox 1514 3693 1707 3728; x_wconf 88' lang='lat' dir='ltr'><strong>ounces</strong></span> <span class='ocrx_word' id='word_1_268' title='bbox 1732 3697 1745 3724; x_wconf 74' lang='grc' dir='ltr'>ε</span> <span class='ocrx_word' id='word_1_269' title='bbox 1778 3676 1868 3726; x_wconf 90' lang='lat' dir='ltr'><strong>the</strong></span> <span class='ocrx_word' id='word_1_270' title='bbox 1891 3674 2042 3724; x_wconf 84' lang='lat' dir='ltr'><strong>other</strong></span> <span class='ocrx_word' id='word_1_271' title='bbox 2064 3689 2170 3725; x_wconf 73' lang='lat' dir='ltr'><strong>was</strong></span> 
     </span>
    </p>
   </div>
   <div class='ocr_carea' id='block_1_13' title="bbox 234 3738 2040 3824">
    <p class='ocr_par' dir='ltr' id='par_1_15' title="bbox 234 3738 2040 3824">
     <span class='ocr_line' id='line_1_39' title="bbox 234 3738 2040 3824; baseline -0.007 -17"><span class='ocrx_word' id='word_1_272' title='bbox 234 3755 353 3824; x_wconf 83' lang='lat' dir='ltr'><strong>only</strong></span> <span class='ocrx_word' id='word_1_273' title='bbox 373 3756 523 3807; x_wconf 77' lang='lat' dir='ltr'><strong>three</strong></span> <span class='ocrx_word' id='word_1_274' title='bbox 541 3753 654 3807; x_wconf 79' lang='lat' dir='ltr'><strong>feet</strong></span> <span class='ocrx_word' id='word_1_275' title='bbox 674 3753 778 3805; x_wconf 83' lang='lat' dir='ltr'><strong>and</strong></span> <span class='ocrx_word' id='word_1_276' title='bbox 799 3770 864 3805; x_wconf 80' lang='lat' dir='ltr'><strong>an</strong></span> <span class='ocrx_word' id='word_1_277' title='bbox 885 3750 1000 3805; x_wconf 77' lang='lat' dir='ltr'><strong>half</strong></span> <span class='ocrx_word' id='word_1_278' title='bbox 1013 3753 1157 3818; x_wconf 81' lang='lat' dir='ltr'><strong>long,</strong></span> <span class='ocrx_word' id='word_1_279' title='bbox 1181 3749 1286 3802; x_wconf 81' lang='lat' dir='ltr'><strong>and</strong></span> <span class='ocrx_word' id='word_1_280' title='bbox 1302 3751 1372 3800; x_wconf 77' lang='lat' dir='ltr'><strong>its</strong></span> <span class='ocrx_word' id='word_1_281' title='bbox 1395 3745 1591 3814; x_wconf 75' lang='lat' dir='ltr'><strong>weight</strong></span> <span class='ocrx_word' id='word_1_282' title='bbox 1606 3738 2040 3811; x_wconf 61' lang='lat' dir='ltr'><strong>proportionablffi</strong></span> 
     </span>
    </p>
   </div>
   <div class='ocr_carea' id='block_1_14' title="bbox 2102 16 2357 84">
    <p class='ocr_par' dir='ltr' id='par_1_16' title="bbox 2102 16 2357 84">
     <span class='ocr_line' id='line_1_40' title="bbox 2102 16 2357 84; baseline -0.004 1"><span class='ocrx_word' id='word_1_283' title='bbox 2102 18 2111 19; x_wconf 58' lang='grc'><em>’</em></span> <span class='ocrx_word' id='word_1_284' title='bbox 2217 16 2357 84; x_wconf 44' lang='lat'><strong>*1</strong></span> 
     </span>
    </p>
   </div>
  </div>
 </body>
</html>
