2382 4110
717 108 980 161 ORATIO
1012 108 1148 159 mo
1183 110 1259 161 M.
1292 109 1690 166 MARCUM
2071 114 2179 167 1⁴7

234 262 372 326 aliis
403 273 628 344 erepta
657 272 828 322 sunt.
921 258 1227 340 Ingratus
1258 270 1359 323 est
1388 257 1797 342 injustasque
1842 256 2029 336 civis,
2060 262 2171 342 qui

235 373 559 439 armorum
617 370 906 456 periculo
960 370 1295 448 liberatus,
1348 370 1637 435 animum
1682 386 1902 435 tamen
1939 352 2175 437 retinet

234 501 596 550 armatum:
647 496 720 544 ut
743 481 941 543 etiam
975 480 1082 543 ine
1115 480 1203 543 sit
1233 480 1488 558 melior,
1518 481 1630 564 qui
1657 482 1720 545 in
1753 483 1891 547 acie
1912 474 2177 565 cec‘idit,

232 596 334 680 qui
369 597 437 657 in
471 595 663 657 causa
696 592 980 657 animam
1011 578 1310 676 prosu-dit
1337 618 1354 667 ς
1404 614 1571 674 quae
1612 594 1787 658 enim
1818 598 2175 679 pertinacia

231 719 321 768 est
353 703 772 785 quibusdam,
805 686 1037 764 eadem
1067 701 1215 765 aliis
1273 702 1637 767 constantia
1685 704 1897 767 videri
1936 724 2170 789 potest.

231 816 354 878 Sed
385 813 544 897 quia
565 812 709 898 jam
742 811 954 877 omnis
987 810 1194 875 fracta
1222 812 1545 877 dissensio
1578 829 1679 879 est
1709 815 1935 893 armis,
1962 834 2029 879 et
2059 840 2171 882 ex·

229 927 423 990 tincta
455 924 782 1006 aequitate
805 924 1145 997 *victoris3
1193 940 1422 1005 restat,⁸
1446 942 1520 990 ut
1564 950 1793 993 omnes
1825 951 2027 994 uuum
2058 955 2173 996 ve-

230 1039 364 1116 lint,
395 1038 513 1119 qui
544 1036 748 1101 modo
780 1036 1018 1099 habent
1069 1038 1321 1119 aliquid
1366 1061 1497 1102 nom
1529 1041 1748 1106 solum
1792 1044 2172 1129 sapientiae,

230 1151 341 1214 sed
374 1148 574 1212 etiam
600 1146 926 1211 sanitatis.
1030 1147 1196 1217 Nisi
1234 1163 1331 1228 te,
1357 1148 1445 1212 C..
1486 1150 1759 1233 Caesar,
1783 1154 1965 1219 salvo
2005 1171 2077 1220 et
2102 1157 2175 1222 in

229 1265 345 1329 ista
382 1261 724 1341 sententia,
753 1263 880 1343 qua
908 1282 1064 1325 cum
1089 1275 1280 1325 antea
1306 1277 1451 1327 tum
1495 1262 1692 1329 hodie
1742 1266 1851 1330 vel
1878 1267 2169 1333 maxime

227 1400 380 1441 usus
415 1399 510 1456 es,
541 1389 865 1454 manente,
895 1374 1059 1438 salvi
1108 1397 1252 1439 esse
1303 1396 1433 1442 ιιοιι
1481 1378 1849 1487 possumus.
1943 1381 2170 1459 Quare

227 1512 450 1556 omnes
480 1503 571 1566 te,
602 1487 716 1571 qui
746 1487 906 1551 haee
937 1488 1118 1551 salva
1166 1510 1309 1553 esse
1360 1491 1689 1572 volumus,
1736 1508 1802 1557 et
1832 1493 2171 1559 hortamur

227 1614 289 1664 ct
324 1599 767 1677 obsecramu5‚
800 1613 873 1661 ut
902 1597 1101 1678 vitae,
1131 1612 1206 1661 ut
1237 1599 1429 1663 saluti
1462 1614 1610 1664 tuae
1637 1570 1980 1668 consulas:
2028 1626 2169 1670 om·

221 1730 464 1794 aesque
495 1709 635 1788 tibi,
672 1710 779 1794 (ut
807 1730 930 1793 pro
983 1707 1129 1772 aliis
1183 1707 1383 1771 etiam
1413 1708 1671 1791 loquar,
1724 1713 1903 1794 quod
1951 1714 2031 1775 de
2060 1735 2172 1777 me

228 1821 361 1905 ipse
396 1817 638 1903 sentio)
675 1818 982 1903 quoniam
1036 1818 1302 1882 subesse
1334 1817 1584 1902 aliquid
1601 1834 1821 1905 putas,
1851 1822 2035 1905 quod
2063 1846 2169 1888 ca·

223 1930 513 1993 vendum
538 1928 643 2008 sit,
663 1946 794 1991 non
817 1926 1018 1997 modo
1043 1926 1348 1990 excubias
1375 1940 1440 1989 et
1464 1927 1816 2009 custodias,
1831 1929 1950 1991 sed
1973 1930 2171 1999 etiam

173 2077 186 2084 -
225 2039 504 2103 laterum
527 2052 905 2102 nostmrum
928 2002 1265 2124 oppositus
1297 2050 1365 2100 et
1385 2057 1731 2121 corporum
1762 2033 2175 2123 pollicemur*

303 2133 437 2215 XI.
483 2150 617 2214 Sed
655 2164 751 2229 ut,
805 2149 977 2213 unde
1029 2162 1130 2211 est
1178 2169 1349 2227 orsa,
1383 2147 1450 2212 in
1501 2149 1733 2213 eodem
1783 2150 2171 2216 terminetur

223 2261 435 2325 oratio
466 2281 659 2335 mea;
705 2258 1024 2323 maximas
1056 2258 1174 2323 tibi
1210 2259 1451 2343 gratias
1483 2243 1758 2343 agimus,
1788 2260 1865 2325 C.
1903 2262 2170 2341 Caesar,

229 2370 512 2456 majores
560 2368 764 2433 etiam
815 2368 1155 2433 habemus.
1281 2369 1460 2432 Nam
1515 2391 1741 2434 omnes
1793 2371 1970 2435 idem
2022 2394 2166 2434 sen-

224 2483 420 2561 tiunt,
452 2482 631 2566 quod
685 2503 769 2544 ex
819 2481 1112 2545 omnium
1162 2480 1461 2564 precibus
1495 2494 1561 2541 et
1589 2480 1894 2562 lacrymis
1922 2482 2167 2545 sentire

158 2566 170 2581 ο
216 2593 516 2679 potuisti.
606 2592 737 2656 Sed
770 2592 925 2675 quia
960 2594 1127 2654 2non
1181 2604 1284 2653 est
1331 2588 1646 2653 stantibus
1700 2591 2000 2652 omnibus
2054 2613 2166 2654 ne-

220 2729 404 2771 eesse
437 2687 679 2800 ἀὶοὲιζε,
710 2726 750 2769 a
779 2725 885 2767 me
919 2701 1094 2768 certe
1151 2702 1284 2769 dici
1339 2703 1589 2781 volunt,
1635 2701 1741 2765 cui
1772 2722 2040 2765 necesse
2070 2721 2171 2768 est

222 2809 739 2899 quodammode,
772 2828 836 2878 et
868 2814 1047 2898 quod
1075 2813 1326 2893 volunt,
1360 2827 1424 2876 et
1456 2813 1657 2897 quod,
1691 2811 1800 2875 Μ.
1838 2811 2164 2880 Marcello

212 2951 252 2994 a
285 2944 352 2993 te
376 2928 529 2991 huic
556 2926 770 2991 ordini
793 2925 1164 3011 populoque
1191 2925 1491 2989 Romano
1516 2940 1581 2988 et
1603 2925 1994 3011 reipublicae
2016 2930 2163 2990 red-

205 3017 380 3118 dnn,
412 3033 761 3123 praecipue
796 3038 866 3101 id
898 3059 938 3101 a
984 3059 1092 3102 me
1145 3035 1284 3099 fici-i
1340 3007 1576 3101 debere
1631 3037 1963 3122 intelligo
1945 3083 1965 3112 ‚
2011 3060 2162 3105 nam

204 3147 441 3212 laetari
475 3168 725 3228 omnes,
757 3169 887 3210 non
906 3161 978 3212 ut
1009 3147 1092 3211 de
1116 3143 1308 3211 ιιιιίἰιε
1342 3145 1582 3227 solum,
1615 3148 1732 3212 sed
1763 3164 1835 3213 ut
1867 3150 1948 3212 de
1983 3170 2158 3215 com-

203 3260 400 3323 muni
431 3260 727 3326 omnium
778 3260 1009 3339 salute,
1064 3260 1274 3322 sentio
1302 3281 1318 3320 :
1369 3260 1548 3343 quod
1598 3274 1815 3324 autem
1869 3283 2163 3325 summae

201 3371 703 3437 benevolentiae
737 3390 856 3454 est,
889 3393 1056 3456 quae
1079 3393 1228 3436 mea
1258 3394 1414 3457 erga
1443 3371 1626 3436 illum
1658 3373 1957 3437 omnibus
1990 3396 2159 3438 sem-

273 3549 325 3597 2.
342 3546 473 3597 Non
494 3556 567 3596 est
590 3549 831 3598 stantibus
855 3548 1066 3596 omnibus
1086 3541 1513 3596 necesse—When
1535 3558 1635 3610 any
1658 3546 1875 3598 Senator
1895 3544 2075 3622 spoke,
2094 3546 2165 3596 he

202 3613 368 3663 stood
390 3628 484 3677 up,
524 3612 622 3663 but
659 3614 812 3676 when
852 3614 920 3664 he
943 3612 1063 3680 only
1085 3612 1331 3665 assented
1352 3620 1408 3663 to
1431 3611 1573 3662 what
1593 3611 1810 3662 another
1830 3626 1937 3660 was
1961 3612 2162 3677 saying,

202 3679 279 3730 he
305 3679 595 3732 continued
614 3680 809 3747 sitting.
