2382 4110
684 126 944 178 ORATm
979 127 1114 178 PRO
1147 129 1209 185 Q..
1242 128 1544 180 LIGARIO.
1988 132 2085 187 135

144 273 421 360 punitas,
457 273 720 353 Caesar,
772 290 922 339 tuae
974 266 1355 339 clementiae
1394 276 1537 340 laus
1570 290 1690 357 est,
1724 297 1955 342 eorum
1986 277 2082 365 ip-

143 408 361 451 sorum
393 387 481 449 ad
513 409 546 450 c
628 386 963 451 delitatem
994 402 1060 450 te
1094 400 1283 449 acuet
1306 387 1514 451 oratio
1548 388 1571 449 ἓ
1620 389 1847 474 Atque
1876 388 1943 452 in
1966 388 2113 454 hic'

142 503 331 565 causa
383 408 676 563 nmiAEiil
730 499 1062 583 equidem,
1105 499 1399 578 Tubero,
1460 500 1656 563 etiam
1707 516 1911 582 tuam,
1965 501 2085 565 sed

139 611 343 675 multo
390 610 600 694 magis
632 611 833 694 patris
883 609 980 673 tui
1035 609 1453 693 prudentiam
1505 610 1851 675 desidero:
1900 612 2085 696 quod.

139 724 334 787 homo
357 741 509 785 eum
529 721 812 806 ingenie,
825 735 966 785 tum
985 721 1184 785 etiam
1205 721 1499 786 doctrina
1521 716 1863 802 excellens,
1878 746 2079 808 genus

29 822 32 879 ἶ
138 835 255 899 hoe
299 854 535 897 causae
569 834 974 915 quodfesset,
997 854 1126 897 non
1157 822 1400 897 viderit
1427 858 1447 908 ς
1495 854 1670 912 nam,
1695 832 1751 896 si
1784 833 2079 911 vidisset,

144 947 369 1033 quovis
401 946 723 1031 profecto,
765 943 960 1029 quam
1007 946 1134 1009 isto
1177 947 1379 1010 modo
1413 967 1453 1009 a
1483 960 1546 1011 te
1580 945 1685 1031 agi
1720 946 2079 1019 maluisset·

145 1057 390 1141 Arguis
423 1055 779 1119 fatenteme.
826 1077 956 1119 non
1008 1070 1109 1119 est
1158 1053 1366 1130 satis;
1414 1054 1678 1120 acciisas
1730 1078 1907 1136 eum,
1962 1055 2077 1140 qui

143 1187 398 1230 causam
429 1165 645 1244 habet,
679 1180 812 1244 aut,
844 1179 918 1229 ut
950 1186 1073 1249 ego
1104 1164 1281 1246 dico,
1321 1165 1695 1229 ⁷meliorem
1728 1163 1922 1250 quam
1979 1181 2079 1246 tu,

33 1298 40 1307 “
143 1292 269 1359 aut,
299 1290 378 1341 ut
426 1290 499 1340 tu
549 1274 674 1367 vis,
723 1296 969 1359 parem.
1078 1277 1263 1339 Haec
1316 1297 1446 1339 non
1501 1277 1701 1342 modo
1756 1277 2081 1342 mirabilia

143 1399 306 1465 sunt,
337 1387 457 1449 sed
488 1385 770 1469 prodigii
791 1385 1001 1448 simile
1027 1400 1146 1464 est,
1172 1386 1352 1469 quod
1373 1386 1615 1451 dicam.
1709 1387 1781 1451 N
1783 1410 1865 1451 on
1888 1387 2082 1452 habet

146 1514 282 1558 eam
314 1494 452 1558 vim
481 1494 607 1558 ista
628 1494 977 1573 accusatiO,
995 1508 1081 1557 -ut
1107 1494 1198 1572 Q.
1245 1495 1554 1580 Ligarius
1589 1497 2078 1575 condemnetur,

143 1607 253 1671 sed
283 1619 357 1669 ut
385 1619 685 1678 necetur:
734 1605 856 1669 hoc
871 1605 1006 1689 egit
1034 1605 1196 1669 civis
1222 1606 1555 1672 Romanus
1578 1623 1726 1671 ante
1751 1621 1816 1672 te
1847 1629 2077 1682 nemo;

180 1719 429 1784 externi
494 1700 600 1782 isti
664 1739 877 1783 mores
943 1740 1152 1803 usque
1216 1720 1300 1782 ad
1362 1719 1747 1803 sanguinem
1812 1720 2079 1784 incitare

143 1819 346 1894 {olent
374 1829 609 1893 odium
641 1843 752 1893 aut
799 1826 1044 1893 levium
1080 1830 1485 1893 Graecorum
1529 1844 1641 1893 aut
1696 1830 2082 1893 immanium

144 1941 608 2004 barbarorum..
676 1941 856 2003 Nam
912 1940 1071 2023 quid
1126 1939 1307 2003 aliud
1353 1938 1491 2023 agis
1520 1939 1543 2001 ?
1589 1953 1663 2003 ut
1696 1938 1947 2003 Romae
1999 1960 2081 2003 ne

134 2051 267 2118 eit?
311 2066 390 2116 ut
442 2052 640 2118 domo
675 2051 937 2114 careat?
983 2073 1064 2113 ne
1113 2072 1263 2113 cum
1318 2049 1581 2135 optimis
1633 2048 1967 2129 fratribus,
1997 2072 2080 2114 ne

142 2187 282 2232 eum
312 2165 440 2238 hoc
454 2164 539 2228 T.
564 2164 887 2244 Brocch0‚
920 2165 1246 2247 avunculo
1281 2185 1427 2242 su0,
1444 2186 1524 2228 ne
1559 2186 1708 2228 cum
1743 2163 1883 2249 ejus
1920 2162 2077 2241 filio,

145 2276 521 2341 consobrino
554 2276 697 2356 suo,
728 2298 808 2340 ne
840 2277 1182 2339 nobiscum
1224 2275 1452 2340 vivat?
1497 2298 1578 2339 ne
1603 2277 1688 2340 sit
1720 2276 1786 2339 in
1817 2275 2025 2359 patria
2052 2275 2076 2336 ἓ

125 2411 292 2454 „num
325 2406 425 2453 est
450 2390 472 2452 ?
519 2409 675 2452 num
701 2404 915 2473 potest
937 2390 1146 2474 magis
1168 2383 1386 2453 carere
1408 2389 1510 2453 his
1535 2389 1858 2468 omnibus,
1884 2387 2081 2472 quam

147 2500 359 2564 caret?
409 2499 596 2562 Italia
629 2488 1033 2583 prohibetur,
1067 2477 1307 2561 exulat.
1402 2499 1558 2560 Non
1612 2513 1685 2560 tu
1717 2520 1874 2579 ergo
1905 2496 2079 2559 hunc

143 2610 341 2691 patria
371 2608 651 2694 privare,
684 2611 806 2691 qua
841 2623 1037 2687 caret,
1093 2609 1211 2671 sed
1242 2608 1398 2685 vita,
1427 2607 1553 2669 vis.
1646 2607 1745 2669 At
1788 2607 1965 2669 istud
1997 2615 2080 2667 ne

152 2699 354 2805 ’apud
385 2727 541 2784 eum
573 2720 840 2803 quidem
872 2720 1282 2797 dictatorem,
1307 2716 1420 2800 qui
1453 2734 1702 2794 omnes,
1727 2736 1889 2798 quos
1924 2707 2079 2780 ode‘·

141 2846 257 2912 rat,
288 2846 502 2895 morte
533 2804 868 2920 multabat,
902 2830 1248 2914 quisquam
1303 2830 1438 2913 egit
1469 2829 1596 2892 isto
1649 2829 1849 2891 modo
1876 2850 1892 2890 t
1942 2827 2081 2911 ipse

136 2939 401 3024 jubebat
434 2941 672 3021 occidi,
701 2942 880 3004 nullo
926 2940 1316 3025 postulante,
1346 2936 1651 3025 praemiis
1686 2936 1883 3000 etiam
1915 2935 2081 3000 invi-

199 3123 247 3173 7.
281 3119 542 3186 Meliorem
563 3140 707 3185 quam
730 3125 1049 3181 tw-Better,
1061 3119 1289 3170 because
1307 3120 1548 3187 Ligarius
1563 3118 1766 3184 against
1776 3117 1860 3168 his
1878 3118 1985 3169 will
2004 3134 2086 3169 re·

140 3187 344 3237 mained
365 3188 419 3237 in
463 3187 659 3250 Africa,
685 3190 835 3239 while
860 3189 1072 3239 Tubero
1094 3188 1248 3237 made
1273 3188 1542 3254 vrduntaiy
1584 3186 1846 3237 exertions
1889 3195 1945 3242 to
1991 3193 2085 3253 get

140 3253 302 3315 there,
326 3254 423 3304 but
437 3255 530 3305 did
549 3265 641 3306 not
662 3256 905 3306 succeed.

202 3323 246 3370 8.
284 3324 508 3372 Externi
519 3328 601 3374 isti
623 3324 953 3374 mores—The
981 3320 1219 3372 criminal
1255 3345 1267 3369 ι
1438 3322 1471 3358 π’
1494 3322 1586 3373 the
1626 3326 1854 3371 Romans
1891 3321 2085 3386 during

140 3385 222 3439 the
241 3389 588 3439 continuance
611 3390 674 3440 of
697 3392 789 3441 the
813 3389 1090 3456 republick
1128 3403 1232 3437 was
1268 3391 1293 3437 f
1467 3406 1516 3440 m
1540 3389 1698 3454 being
1732 3389 2041 3454 sanguinat-y
2067 3408 2082 3443 ;

133 3455 406 3508 ”citizen
427 3458 585 3508 could
607 3458 673 3507 be
694 3465 793 3522 put
809 3466 864 3508 to
884 3458 1047 3507 death
1066 3456 1285 3507 without
1307 3494 1317 3506 .
1412 3465 1626 3508 consent
1646 3454 1710 3506 of
1733 3457 1834 3506 the*
1847 3453 2049 3519 people.

199 3525 247 3576 9.
279 3526 439 3589 ⁸›lpud
454 3542 560 3575 eum
584 3525 1084 3591 dictatorem—Sylla,
1127 3525 1279 3576 when
1315 3526 1559 3584 dictator,
1592 3530 1683 3573 not
1717 3523 1836 3586 only
1858 3517 2085 3571 ordered

136 3591 285 3656 my
303 3600 363 3643 to
408 3592 470 3641 be
495 3602 591 3656 put
611 3601 668 3643 to
708 3593 885 3651 death,
916 3593 1012 3642 but
1056 3592 1164 3642 also
1205 3608 1337 3656 gave
1380 3610 1409 3641 a
1430 3592 1636 3640 reward
1658 3591 1719 3640 of
1742 3597 1848 3638 two
1892 3588 2083 3636 talents

135 3651 341 3725 (beu-ly
366 3658 499 3711 3861.
524 3660 763 3727 sterling)
791 3668 846 3711 to
868 3673 1024 3727 every
1035 3675 1161 3726 one,
1184 3662 1301 3710 who
1319 3659 1485 3709 killed
1506 3674 1537 3707 a
1559 3652 1865 3721 prescribed
1877 3665 2085 3716 person.
