2382 4110
675 110 935 167 anano
965 110 1056 161 m
1111 111 1188 161 m
1222 110 1282 161 10.
1314 110 1731 161 camma.
2102 111 2171 165 ⁴0

224 236 372 344 ego,
412 272 488 324 ut
519 256 685 338 vidi,
737 278 903 342 quos
938 257 1229 322 maximo
1258 255 1481 322 surore
1525 271 1592 321 et
1622 255 1867 323 scelere
1900 276 2043 321 esse
2074 256 2169 321 in·

218 370 598 463 flammatos⁸
622 368 928 447 sciebam,
961 389 1075 431 eos
1105 367 1445 430 nobiscum
1475 388 1640 446 esse,
1682 380 1748 430 et
1782 364 2037 429 Romae
2069 387 2173 429 re-

211 479 534 543 mansisse
563 499 580 540 ι
629 477 698 541 in
728 500 808 541 eo
840 498 1065 542 omnes
1107 477 1249 540 dies
1281 491 1630 560 noctesque
1662 474 2055 561 consumpsi,
2101 485 2177 541 ut

217 591 379 674 quid
411 603 702 674 agerent,
731 590 896 673 quid
926 588 1333 668 molirentur,
1382 587 1691 651 sentirem
1720 608 1797 650 ac
1818 586 2167 651 videt-emt

219 715 310 780 ut,
335 702 648 785 quoniam
674 700 936 765 auribus
964 698 1219 804 vestris,
1239 713 1507 805 propter
1526 696 1970 762 incredibilem
1989 720 2171 783 mag-

217 810 586 875 :titudinem
617 808 902 889 sceleris,
934 796 1251 872 minorem
1282 808 1483 870 fidem
1508 804 1754 870 faceret
1776 804 1986 869 oratio
2007 826 2176 884 mea,

103 1001 112 1012 ⁸
219 941 359 983 rem
390 919 487 982 ita
516 918 1154 1003 comprehenderem,
1201 932 1275 982 ut
1314 932 1455 981 tum
1500 916 1775 981 demum
1809 916 2041 980 animis
2072 938 2177 980 sa-

219 1026 342 1093 luti
374 1038 631 1091 vestrae
664 1025 1118 1110 provideretis,
1142 1025 1297 1092 cum
1320 1026 1526 1090 oculis
1545 1025 1937 1090 maleficium
1956 1025 2171 1111 ipsum

226 1130 566 1205 videretis.
622 1140 854 1223 Itaque
868 1154 942 1205 ut
960 1139 1286 1223 ⁴comperi
1298 1139 1546 1223 legatos
1563 1138 2024 1225 Allobrogum,
2035 1140 2173 1202 bel·

218 1249 268 1313 li
306 1247 740 1332 Transalpini,
790 1263 860 1313 et
889 1246 1208 1313 tumultus
1244 1246 1480 1312 Gallici
1527 1247 1856 1312 excitandi
1890 1250 2104 1327 causi,
2135 1268 2177 1311 a

221 1364 304 1427 P.
325 1363 607 1441 Lentulo
627 1383 767 1427 esse
781 1361 1160 1448 solicitatos,
1173 1383 1415 1447 eosque
1429 1361 1493 1426 in
1512 1362 1795 1427 Galliam
1812 1363 1898 1426 ad
1911 1384 2065 1426 suos
2084 1361 2176 1427 ci-

216 1494 336 1537 ves
353 1472 588 1536 eodem
611 1471 838 1535 itinere
853 1492 1003 1535 cum
1022 1470 1227 1539 literis
1248 1471 1699 1557 mandatisque
1715 1472 1801 1535 ad
1817 1469 2171 1536 Catilinam

218 1606 364 1652 esse
396 1582 657 1665 missos,
689 1582 1126 1667 comitemque
1181 1582 1263 1647 iis
1315 1583 1695 1669 adjunctum
1730 1583 2176 1662 Vulturcium,

217 1715 418 1781 atque
450 1695 604 1767 huie
626 1696 811 1761 datas
842 1717 985 1761 esse
1010 1695 1097 1761 ad
1121 1692 1473 1759 Catilinam
1494 1693 1717 1757 literas
1744 1715 1763 1755 ι
1797 1691 2173 1757 facultatem

217 1804 386 1869 mihi
419 1804 701 1867 oblatam
730 1803 980 1888 putavi,
998 1817 1094 1883 ut,
1115 1801 1295 1886 quod
1319 1813 1458 1867 erat
1476 1800 2174 1886 difficillimum,quod·

220 1936 352 2001 que
384 1935 512 1999 ego
542 1934 797 1999 semper
826 1913 1130 1999 optabam
1162 1932 1203 1977 a
1224 1912 1353 1977 diis
1377 1909 1877 1992 immortalibus,
1906 1925 2045 1976 tota
2066 1932 2170 1975 res

217 2002 353 2090 non
382 2023 604 2090 solum
633 2045 673 2089 a
700 2045 830 2105 me,
853 2024 972 2090 sed
994 2022 1191 2092 etiam
1222 2044 1264 2088 a
1292 2022 1559 2104 Senatu,
1588 2036 1655 2088 et
1685 2044 1726 2088 a
1757 2021 1945 2088 vobis
1967 2021 2172 2089 mani-

125 2191 132 2196 ,
218 2132 388 2199 feste
422 2135 1034 2219 deprehenderetur.
1128 2135 1358 2218 Itaque
1388 2134 1690 2202 hesterno
1722 2136 1830 2200 die
1863 2136 1949 2202 L.
1979 2136 2173 2200 Flac·

213 2268 376 2314 cum
426 2262 495 2311 et
547 2246 626 2310 C.
675 2246 1118 2331 Pomptinum,
1153 2246 1519 2327 Praetores,
1539 2245 1929 2312 fortissimos
1977 2261 2168 2332 atque

221 2355 702 2421 amantissimos
750 2354 1146 2440 reipublicae
1201 2355 1404 2437 viros,
1458 2355 1547 2419 ad
1575 2378 1681 2420 me
1706 2355 1939 2421 vocavi
1966 2378 1984 2418 z
2032 2375 2173 2420 rem

218 2489 485 2534 omnem
516 2467 787 2552 exposui
815 2490 833 2529 ι
863 2466 1029 2552 quid
1059 2467 1199 2532 fieri
1223 2468 1527 2554 placeret,
1551 2468 1832 2533 ostendi.
1924 2467 2031 2532 Illi
2055 2489 2171 2532 au-

211 2596 356 2648 tem
389 2580 500 2663 qui
531 2578 751 2646 omnia
775 2581 862 2644 de
893 2580 1119 2666 repub.
1151 2580 1485 2665 praeclara
1523 2594 1716 2660 atque
1740 2579 2006 2662 egregia
2024 2600 2170 2644 sen-

213 2694 440 2773 tirent,
471 2692 611 2756 sine
660 2692 1090 2773 recusatione,
1144 2714 1220 2757 ac
1272 2691 1412 2756 sine
1444 2689 1574 2754 una
1603 2692 1806 2770 mora,
1834 2689 2171 2774 negotium

217 2819 672 2890 susceperunt,
687 2820 780 2886 et,
804 2805 958 2872 cum
976 2806 1567 2891 advesperasceret,
1589 2799 1843 2868 occulte
1864 2804 1949 2867 ad
1978 2808 2173 2889 'pon-

217 2927 350 2977 tem
387 2913 710 2980 Milvium
731 2928 1170 3000 pervenerunt
1196 2940 1216 2990 ;
1249 2927 1439 2998 atque
1474 2913 1562 2976 ibi
1596 2913 1664 2976 in
1694 2913 2011 2998 proximis
2043 2914 2165 2980 vil-

219 3027 294 3092 lis
326 3028 424 3091 ita
452 3027 741 3113 bipartiti
773 3025 1061 3108 fuerunt,
1110 3042 1184 3093 ut
1215 3027 1477 3092 Tiberis
1510 3027 1677 3091 inter
1717 3025 1851 3110 eos,
1900 3044 1966 3095 et
2009 3052 2171 3115 pona

222 3138 607 3215 interesset,
589 3166 604 3179 ·
639 3141 876 3205 eodem
910 3156 1128 3208 autem
1161 3155 1227 3205 et
1259 3139 1407 3226 ipsi,
1438 3139 1576 3206 sine
1609 3133 1994 3228 c'ujusquam
2026 3167 2167 3211 sus·

281 3315 332 3362 4.
374 3314 744 3380 comperi—He
780 3329 888 3365 was
907 3313 1172 3365 informed
1195 3312 1258 3364 of
1265 3313 1375 3364 th1s
1395 3312 1465 3381 by
1485 3314 1677 3365 Fabius
1698 3317 1885 3393 Sanga,
1906 3324 1965 3368 to
2002 3317 2174 3368 whom

223 3379 306 3428 the
330 3380 588 3446 deputies
609 3381 929 3434 themselves
951 3380 1015 3432 of
1026 3381 1195 3431 theu!
1144 3382 1433 3446 Allobroges
1448 3382 1870 3433 eommunicated
1892 3384 1948 3433 it.

285 3450 331 3496 5.
373 3450 593 3499 Pontem
614 3448 1032 3499 Mlvium—The
1057 3447 1275 3498 Milvian
1295 3447 1484 3515 bridge
1518 3463 1625 3497 was
1667 3449 1883 3500 erected
1918 3457 2045 3503 over?
2083 3451 2177 3500 the

219 3511 398 3576 Tiber,
422 3531 566 3583 upon
585 3509 680 3584 the
702 3515 835 3568 road
852 3523 909 3567 to
927 3512 1151 3568 Etruria.
1214 3518 1270 3570 lt
1286 3528 1393 3569 was
1413 3516 1574 3569 about
1595 3521 1702 3571 tvo
1723 3516 1879 3568 miles
1910 3515 2044 3569 from
2062 3579 2067 3583 ,
2083 3517 2177 3570 the

225 3578 344 3646 city.
891 3623 941 3700 -E
