2382 4110
648 134 908 185 ORATIO
941 132 1038 185 Ν.
1087 134 1166 186 IN
1200 137 1261 186 L.
1293 135 1708 187 CATILINAM.
2044 139 2113 193 Π

193 282 476 370 amplecti
499 282 863 368 respublica
883 295 1196 367 tanquam
1219 282 1514 348 obsidem
1542 283 1917 351 consulatus
1939 284 2071 350 mei
2096 312 2117 361 3

189 420 378 482 neque
423 396 555 477 ine,
588 395 701 480 qui
734 409 1083 480 expectans
1113 395 1312 482 hujus
1345 396 1593 461 exitum
1624 396 1757 462 diei
1791 398 2007 463 adstat
2042 396 2109 460 in

188 518 518 590 conspectu
568 525 717 567 meo
754 508 1010 588 'genera
1106 502 1397 567 Moveor
1425 504 1529 568 his
1560 506 1751 570 rebus
1783 505 2116 585 omnibus,

188 620 290 683 sed
337 619 403 681 in
460 630 606 681 eam
659 632 936 703 partem,
967 631 1040 681 ut
1089 616 1255 681 salvi
1289 616 1420 681 sint
1469 617 1810 682 vobiscum
1860 641 2113 698 omnes,

189 728 368 792 etiam
400 726 457 790 si
490 727 593 791 vis
626 726 846 810 aliqua
876 748 981 790 me
1005 727 1421 813 oppresserit,
1453 725 1677 813 potius
1712 726 1930 812 quam,
1952 746 2026 794 ut
2046 744 2112 797 et

187 841 268 907 ini
316 853 380 905 et
408 858 530 904 nos
565 837 692 904 una
725 861 876 904 cum
900 840 1150 925 reipub.
1175 856 1357 927 peste
1389 864 1758 927 pereamus.
1853 842 2104 922 Quare,

189 952 255 1017 P.
300 950 377 1018 C.
423 948 782 1015 incumbite
833 949 918 1014 ad
966 950 1219 1036 reipub.
1274 951 1551 1016 salutem
1570 973 1593 1014 t
1631 949 2114 1037 circumspicite

190 1082 395 1126 omnes
425 1054 959 1145 procellas,'quae
982 1058 1382 1145 impendent,
1399 1059 1526 1124 nisi
1549 1059 1908 1146 providetis
1934 1087 1952 1137 ς
1983 1083 2117 1135 non

184 1168 366 1235 ‘Tib
391 1169 757 1249 GracchuS,
778 1168 890 1253 qui
914 1167 1158 1234 iterum
1172 1169 1469 1234 tribunus
1490 1168 1694 1255 plebis
1718 1169 1857 1234 fieri
1878 1170 2121 1235 voluit:

180 1304 303 1349 non
337 1280 412 1348 C.
447 1281 813 1362 Gracchus,
846 1281 959 1366 qui
993 1282 1283 1367 agrarios
1318 1281 1642 1348 concitare
1674 1296 1945 1346 conatus
1972 1294 2071 1344 est
2098 1301 2120 1343 ι

181 1418 300 1461 non
330 1397 416 1461 1..
451 1394 863 1475 Saturninus,
895 1396 1005 1480 qui
1034 1397 1113 1462 C.
1149 1396 1554 1461 Memmium
1578 1395 1843 1478 occidit,
1875 1393 1942 1461 in
1977 1393 2110 1458 dis·

178 1506 419 1571 crimen
476 1504 741 1593 aliquod
773 1519 965 1590 atque
999 1505 1066 1570 in
1096 1521 1351 1570 vestrae
1387 1504 1752 1571 severitatis
1776 1503 2116 1591 judicium

176 1615 542 1681 adducitur.
631 1603 970 1680 Tenentur
1001 1614 1074 1695 ii,
1105 1615 1219 1700 qui
1266 1616 1352 1678 ad
1383 1615 1561 1678 urbis
1595 1614 1994 1694 incendium,
2026 1612 2114 1679 ad

172 1726 467 1789 vestrum
488 1718 783 1790 omnium
814 1726 1108 1804 caedem,
1139 1725 1224 1789 ad
1258 1722 1610 1789 Catilinam
1642 1722 2118 1806 accipiendum,

176 1832 430 1898 Romae
484 1832 861 1898 restiterunt
889 1859 906 1909 ς
957 1847 1263 1899 tenentur
1312 1831 1566 1912 literae,
1624 1831 1832 1916 signa,
1864 1852 2118 1910 manus,

177 1944 458 2032 denique
491 1945 1004 2033 uniuscujusque
1038 1944 1361 2010 confessio
1390 1972 1407 2021 ς
1443 1943 1851 2009 solicitantur
1884 1942 2118 2008 Allob-

176 2075 412 2144 roges:
460 2058 766 2123 ’servitia
810 2059 1220 2124 excitantur:
1283 2057 1565 2123 Catilina
1614 2057 2006 2126 arcessiturz
2054 2054 2127 2125 id

179 2185 295 2251 est,
326 2167 571 2235 initum
593 2258 605 2265 Α
625 2170 991 2253 consilium,
1040 2185 1135 2251 ut,
1169 2169 1524 2234 interfectis
1568 2169 1892 2251 omnibus,
1922 2192 2118 2234 nemo

176 2303 252 2345 ne
284 2284 374 2346 ad
406 2281 882 2367 deplorandum
914 2279 1184 2366 quidem
1217 2282 1466 2366 reipub.
1508 2303 1771 2362 nomen,
1804 2297 2000 2366 atque
2034 2280 2123 2345 ad

176 2391 661 2455 lamentandam
694 2390 855 2454 tanti
889 2390 1143 2476 imperii
1176 2391 1613 2455 calamitatem
1651 2390 2076 2474 relinquatur.

263 2501 407 2566 111.
457 2501 647 2565 Haec
696 2502 917 2566 omnia
969 2502 1218 2567 indices
1272 2501 1666 2582 detulerunt,
1713 2502 1811 2565 rei
1845 2500 2128 2591 confessi

171 2628 350 2695 sunt,
394 2636 519 2678 vos
549 2614 772 2678 multis
794 2614 938 2701 jam
981 2613 1255 2700 judiciis
1296 2610 1762 2698 judicavistis:
1817 2609 2133 2695 primum,

172 2722 364 2805 quod
407 2721 574 2785 mihi
608 2723 848 2807 gratias
880 2723 1104 2810 egistis
1140 2720 1577 2809 singularibus
1607 2717 1849 2798 verbis„
1882 2731 1950 2781 et
1989 2721 2134 2782 mea

172 2836 427 2902 virtute
459 2851 653 2921 atque
678 2837 1012 2922 diligentia
1035 2837 1441 2921 perditorum
1474 2834 1816 2898 hominum
1848 2829 2131 2922 patefac-

173 2955 310 3009 tam
346 2967 497 3009 esse
529 2945 1043 3031 conjurationem
1075 2945 1457 3012 decrevistis
1485 2967 1503 3007 ε
1552 2944 1812 3024 deinde,
1840 2945 2024 3029 quod
2047 2941 2125 3007 P.

176 3040 569 3135 Lentulum,
600 3068 674 3118 ut
728 3077 798 3119 se
830 3053 1161 3119 abdicaret
1211 3044 1536 3139 praetura,
1572 3052 1920 3138 coegistis.
1905 3075 1921 3090 ·
1968 3068 2135 3134 tum,

175 3211 357 3263 would
382 3212 680 3265 undertake
698 3215 938 3282 nothing,
956 3216 1053 3265 but
1071 3216 1214 3266 what
1243 3215 1312 3265 he
1334 3215 1562 3282 thought
1581 3214 1756 3265 would
1775 3222 2013 3281 promote
2045 3215 2139 3265 the

173 3278 402 3340 publick
421 3282 660 3332 interest.
728 3286 965 3343 Marcus,
1006 3281 1145 3334 after
1176 3282 1269 3333 the
1291 3282 1450 3333 death
1484 3282 1547 3335 of
1572 3282 1657 3333 hia
1676 3281 1867 3342 father,
1908 3280 2141 3334 attained

69 3377 84 3384 -
173 3345 267 3396 the
287 3348 607 3413 consulship
629 3343 800 3400 under
820 3352 1111 3428 Augustus.

240 3417 291 3466 7.
339 3416 714 3477 Germ-Piso,
742 3424 799 3468 at
816 3417 923 3468 this
940 3417 1068 3467 time
1088 3415 1179 3468 the
1198 3411 1439 3472 husband
1458 3416 1524 3468 of
1534 3415 1722 3470 Tullia.

189 3481 298 3530 8.
333 3481 452 3534 Tib.
478 3483 899 3535 Gracchus—See
922 3485 1061 3536 Note
1085 3484 1194 3545 5th,
1234 3500 1371 3552 page
1395 3485 1507 3546 eth,
1547 3492 1670 3534 note
1712 3477 1823 3543 εγὼ,
1857 3497 1996 3548 page
2029 3479 2143 3542 ma.

180 3547 285 3598 and
304 3558 441 3602 note
458 3552 650 3615 lstrpa
580 3565 719 3616 page
740 3552 846 3604 8th.

244 3617 293 3666 9·
342 3618 571 3670 Servitia
591 3613 1120 3690 excitantmu-Slaves
1133 3626 1194 3670 at
1214 3617 1346 3672 first
1371 3633 1511 3672 utere
1548 3613 1800 3688 rejected·
1820 3614 1891 3678 by
1907 3612 2001 3664 tha
2022 3620 2144 3660 con-

181 3675 464 3746 «piram-s,
486 3684 587 3737 but
608 3681 916 3737 afterwards
937 3697 1074 3737 were
1089 3683 1287 3736 invited
1302 3692 1359 3736 to
1372 3682 1487 3750 join
1507 3683 1600 3737 the
1624 3678 1942 3742 conspimcy·
