2382 4110
640 145 898 196 ORATIO
931 145 1018 194 111.
1077 144 1154 194 m
1189 146 1246 194 L.
1280 144 1693 196 CATmNAM'.
2070 140 2151 196 59

95 308 100 314 '
204 295 445 360 facinus
481 306 746 377 aptum:
800 290 1071 355 consilio
1124 307 1340 356 autem
1370 314 1582 376 neque
1632 291 1883 377 lingua,
1923 312 2137 376 neque

202 428 417 470 manus
451 405 719 476 deerat3
768 401 909 488 J‘am
953 403 1039 466 ad
1072 417 1355 466 caeteras
1386 425 1490 466 res
1523 404 1956 468 conficiendas
1992 422 2136 466 cer-

202 534 291 581 tos
342 515 646 578 homines
700 514 985 577 delectos
1037 537 1112 578 ac
1146 515 1506 603 descriptos
1548 515 1824 580 habebat
1851 538 1869 578 t
1923 532 2141 600 neque

202 629 350 693 vero
385 627 544 690 cum
600 625 853 710 aliquid
906 629 1350 707 mandaverat,
1405 626 1770 691 confectum
1825 628 2135 713 putabatt

203 738 354 804 nihil
386 753 527 803 erat
581 740 765 823 quod
796 761 923 803 non
957 740 1091 831 ipse
1125 739 1358 819 obiret,
1392 756 1784 821 occurreret,
1815 741 2140 826 vigilaret,

204 855 518 917 laboraret
545 875 561 914 ι
613 850 845 936 frigus,
878 850 1075 932 sitim,
1106 852 1348 917 famem
1373 852 1545 917 ferre
1578 869 1854 939 poterat.
1948 854 2143 918 Hunc

208 982 320 1046 ego
348 960 688 1023 hominem
714 974 848 1023 tam
880 982 1116 1039 acrem,
1140 976 1275 1026 tam
1298 978 1619 1047 paratum,
1643 977 1777 1027 tam
1802 962 2144 1044 audacem,

206 1086 330 1165 tam
363 1070 702 1148 callidum,
734 1085 869 1134 tam
904 1071 968 1134 in
1003 1072 1244 1134 scelere
1295 1070 1698 1156 vigilantem,
1729 1086 1863 1136 tam
1897 1072 1963 1137 in
1995 1094 2143 1159 per-

203 1154 352 1246 ditis
404 1184 603 1245 rebus
655 1180 1059 1266 diligentem,
1102 1182 1229 1245 nisi
1265 1205 1347 1246 ex
1380 1184 1756 1247 domesticis
1789 1183 2042 1247 insidiis
2076 1184 2145 1249 in

208 1308 523 1358 castrense
579 1292 990 1356 latrocinium
1045 1293 1506 1378 compulissem
1556 1294 1805 1380 (dicam
1840 1293 1932 1373 id,
1967 1290 2148 1378 quod

203 1404 435 1484 senti0,
471 1402 822 1488 Quirites,)
855 1426 986 1468 non
1017 1402 1209 1468 facile
1244 1404 1407 1469 hanc
1439 1419 1684 1470 tantam
1716 1406 1955 1469 molem
1990 1402 2148 1468 mall

206 1539 245 1582 a
274 1516 635 1582 cervicibus
666 1516 899 1580 vestris
944 1516 1381 1602 depulissem:
1417 1541 1548 1583 non
1604 1518 1711 1582 ille
1763 1517 1952 1582 vobis
1990 1517 2147 1582 *Sa-

206 1632 484 1698 turnalia
503 1629 965 1711 constituisset,
988 1654 1199 1714 neque
1222 1632 1404 1695 tanto
1430 1630 1580 1695 ante
1606 1631 1903 1710 exitium,
1928 1642 2001 1694 ac
2027 1628 2149 1695 sati

203 1740 381 1807 diem
405 1741 658 1826 reipub.
686 1739 1139 1804 denunciasset
1167 1765 1184 1813 3
1206 1762 1419 1823 neque
1441 1737 1895 1817 commisisset,
1921 1751 1995 1801 ut
2019 1738 2151 1821 sig-

169 1910 176 1917 ,
206 1876 387 1933 num,
420 1867 496 1916 ut
524 1831 750 1916 literae
784 1873 962 1932 suae,
985 1864 1182 1915 testes
1217 1849 1499 1934 denique
1532 1846 1860 1914 manifesti
1892 1848 2154 1915 sceleris

205 1961 889 2047 deprehenderentur;
941 1983 1106 2046 quae
1156 1983 1350 2041 nunc,
1381 1960 1496 2024 illo
1529 1960 1813 2039 absente,
1846 1958 1938 2023 sic
1973 1972 2157 2043 gesta

205 2090 378 2156 sunt,
410 2085 489 2138 ut
540 2073 799 2137 nullum
833 2073 899 2146 in
929 2073 1181 2158 privata
1235 2074 1433 2140 domo
1465 2072 1715 2136 furtum
1750 2094 2034 2156 unquam
2068 2071 2157 2136 sit

210 2204 341 2254 tam
375 2185 592 2273 palam
625 2186 984 2268 inventum,
1011 2183 1400 2271 quamhaec
1434 2201 1613 2250 tanta
1643 2186 1965 2272 inrepub.
2001 2205 2155 2249 con·

201 2298 449 2383 juratio
471 2283 817 2362 manifesto
845 2298 1104 2363 inventa
1118 2314 1310 2383 atque
1334 2299 1733 2384 deprehensa
1757 2314 1875 2362 est.
1950 2297 2156 2372 Quod

211 2410 267 2474 si
303 2410 593 2475 Catilina
624 2409 691 2472 in
723 2411 881 2473 urbe
916 2411 1000 2474 ad
1030 2411 1193 2479 hanc
1229 2409 1403 2474 diem
1435 2395 1853 2488 remansisset
1881 2436 1898 2483 3
1955 2431 2156 2494 quan·

209 2542 411 2604 quam
448 2523 669 2605 quoad
722 2518 867 2610 fuit,
900 2521 1201 2586 omnibus
1257 2522 1399 2608 ejus
1455 2521 1741 2585 consiliis
1774 2520 2029 2584 occurri
2064 2533 2158 2584 at-

211 2653 340 2713 que
376 2632 626 2714 obstiti,
681 2647 921 2713 tamen,
954 2648 1026 2697 ut
1073 2630 1409 2698 levissime
1445 2627 1682 2712 dicam,
1714 2631 2161 2695 dimicandum

211 2740 405 2804 nobis
440 2743 607 2805 cum⁴
646 2741 758 2806 illo
773 2741 1024 2808 *fuisset
1051 2766 1067 2806 ε
1124 2763 1337 2827 neque
1368 2763 1487 2804 nos
1519 2760 1831 2826 unquam,
1865 2738 2022 2802 dum
2054 2736 2162 2802 ille

211 2850 278 2914 in
313 2853 478 2915 urbe
531 2852 739 2918 hostis
794 2838 1049 2932 fuisset,
1092 2853 1287 2938 tantis
1339 2848 1644 2937 periculis
1695 2847 2166 2933 rempublicam

207 2967 391 3028 tanta
419 2987 604 3048 pace,
626 2979 806 3029 tanto
837 2965 997 3046 oti0,
1027 2979 1207 3028 tanto
1240 2963 1499 3028 silentio
1529 2962 2006 3026 liberassemus.

300 3073 521 3138 V111.
574 3073 968 3159 Quanquam
998 3071 1158 3141 haec
1189 3074 1437 3153 omnia,
1473 3072 1789 3154 Quirites,
1822 3073 1914 3137 ita
1946 3089 2096 3138 sunt
2127 3094 2169 3137 a

212 3205 321 3247 me
360 3185 837 3268 administrata,
869 3201 942 3251 ut
973 3189 1248 3251 deorum
1281 3186 1746 3251 immortalium
1775 3200 1937 3249 nutu
1971 3201 2167 3268 atque

197 3293 585 3386 consilinm
618 3311 802 3381 gesta
823 3311 890 3361 et
911 3295 1185 3382 provisa*
1205 3318 1345 3360 esse
1367 3298 1718 3361 videantur
1740 3321 1759 3371 3
1794 3295 1992 3380 idque
2017 3315 2170 3359 cum

278 3468 333 3519 7.
407 3470 698 3519 Saturnalia
734 3447 1598 3535 ematuiem-LNotwithstanding
1631 3470 1720 3518 the
1736 3469 1935 3518 dissent
1970 3464 2032 3515 of
2058 3465 2174 3515 ‘Ce-

211 3532 436 3598 theguS,
458 3536 551 3586 the
572 3534 732 3587 feasts
751 3537 816 3588 of
843 3540 1031 3588 Saturn
1067 3552 1205 3588 were
1227 3536 1508 3604 appointed
1521 3536 1590 3601 by
1619 3536 1710 3585 the
1747 3533 2098 3599 conspirators
2115 3546 2174 3580 as

210 3598 489 3724 ὶὶὲεῐτὶὲαγε,
511 3619 580 3655 on
600 3604 771 3657 which
791 3606 920 3673 they
941 3605 1116 3658 would
1137 3604 1271 3657 burn
1301 3605 1392 3658 the
1417 3603 1524 3670 city
1553 3601 1657 3655 and
1689 3601 1905 3653 murder
1935 3600 2027 3652 the
2063 3597 2176 3648 citi-
