2382 4110
249 112 321 163 96
717 113 977 169 ORATIO
1011 112 1147 162 PRO
1186 113 1369 163 LEGE
1404 110 1724 161 MANILIA.

253 280 407 325 cum
433 227 713 355 Ae-tzlis,
734 281 883 325 cum
920 260 1155 323 Poenis
1187 260 1358 324 bella
1381 257 1758 343 gess‘e'runt:
1795 272 2040 341 quanto
2072 280 2192 323 vos

249 374 474 451 studio
497 366 827 452 conve'nit,
859 373 1114 458 injuriis
1144 388 1553 457 provocatos,
1573 371 1901 435 sociorum
1916 373 2193 436 salutem

253 486 381 551 una
434 508 584 551 cum
615 486 874 571 imperii
906 487 1103 550 vestri
1138 487 1455 570 dignitate
1488 464 1861 564 defendere,
1898 507 2193 569 praeser-

237 594 379 671 ‚tim
434 595 591 659 cum
646 596 728 658 de
759 597 1014 685 ‘vestris
1070 595 1376 658 max-imis
1430 592 1856 677 vectigalibus
1911 592 2194 676 agatur?

257 709 440 772 Nam
472 725 872 775 caeterarum
910 708 1393 793 provinciarum
1430 711 1458 746 ²
1469 705 1836 790 vectigalia,
1871 704 2197 786 QuiriteS,

254 829 435 880 tanta
464 831 636 896 sunt,
688 832 762 879 ut
793 818 896 895 iis,
949 818 1034 880 ad
1084 816 1257 899 ipsas
1299 815 1668 899 provincias
1720 816 2048 894 tutandas,
2078 814 2200 878 vix

255 926 538 1023 contenti
590 947 730 989 esse
763 908 1087 1009 possimus
1116 948 1132 987 z
1197 924 1366 987 Asia
1386 924 1547 988 vero
1579 940 1713 1013 tam
1745 923 1964 1008 opima
1996 937 2097 988 est
2132 937 2200 987 et

254 1002 509 1115 fertfiiS,
543 1049 615 1098 ut
634 1051 698 1098 et
722 1037 1012 1098 ubertate
1047 1056 1376 1118 agrorum,
1401 1049 1467 1097 et
1496 1032 1809 1097 varietate
1839 1031 2201 1112 fructuum,

254 1160 320 1207 et
343 1145 790 1231 magnitudine
814 1145 1240 1229 pastionis,‘et
1267 1143 1680 1219 multi-tudine
1703 1164 1927 1206 earum
1951 1163 2198 1222 rerum,

256 1276 425 1338 quae
486 1270 925 1338 exportantur,
980 1251 1173 1317 facile
1231 1254 1528 1316 omnibus
1578 1251 1770 1315 terris
1820 1251 2196 1317 'antecellat-

260 1366 491 1448 Itaque
517 1367 678 1429 haec
706 1366 891 1428 vobis
914 1365 1271 1449 provincia,
1298 1364 1616 1445 Quirites,
1650 1363 1705 1426 si
1738 1364 1824 1426 ad
1854 1362 2007 1424 belli
2043 1361 2197 1425 util-

255 1475 481 1537 itatem
515 1489 579 1537 et
630 1475 808 1558 pacis
852 1475 1236 1558 dignitatem
1268 1464 1544 1537 retinere
1577 1473 1799 1553 vultis,
1827 1495 1959 1536 non
1990 1454 2198 1537 niodo

257 1605 299 1649 a
328 1585 715 1663 calamitate,
747 1587 864 1648 sed
896 1584 1094 1679 e‘tiam
1127 1606 1165 1647 a
1194 1599 1376 1649 metu
1405 1584 1813 1660 calamitatis,
1847 1595 1944 1644 est
1974 1581 2201 1645 defen-

256 1699 494 1763 denda.
569 1700 790 1779 ‚Nam,
816 1699 1085 1762 caeteris
1114 1699 1178 1762 in
1202 1699 1416 1776 rebus,
1442 1698 1595 1762 cum
1626 1697 1807 1760 venit
1838 1696 2203 1777 calamitas,

258 1822 402 1872 tum
435 1809 897 1872 detrimentum
930 1784 1243 1893 accipitur
1270 1830 1286 1868 t
1323 1822 1387 1870 at
1403 1808 1467 1869 in
1492 1806 1917 1891 vectigalibus
1941 1827 2071 1870 non
2095 1829 2201 1869 so-

258 1921 402 1984 lum
455 1924 770 1986 adventus
826 1922 1003 2002 mali,
1035 1924 1152 1984 sed
1186 1922 1381 1984 etiam
1414 1936 1626 1983 metus
1660 1920 1797 2021 ips-'e
1846 1921 2032 1982 affert
2086 1896 2196 1983 ca-

259 2031 641 2095 lamitatem.
765 2033 968 2113 Nam,
1019 2015 1173 2097 cum
1228 2033 1515 2118 hostium
1568 2032 1792 2117 copiae
1843 2052 1974 2096 non
2001 2029 2199 2116 longe

259 2144 514 2221 absunt,
547 2143 800 2206 etiamsi
845 2145 1119 2229 irruptio
1163 2146 1336 2210 facta
1365 2147 1544 2214 nulla
1568 2147 1681 2223 sit,
1713 2160 1930 2210 tamen
1962 2135 2203 2229 pecbra

259 2248 734 2332 relinquuntur,
767 2253 1167 2334 agricultura
1200 2231 1542 2333 deseritur,
1575 2269 2009 2317 mercatorum
2045 2275 2202 2317 nav-

261 2357 465 2442 igatio
497 2361 919 2443 conquiescit.
1012 2363 1115 2424 Ita
1138 2385 1350 2445 neque
1377 2385 1459 2426 ex
1482 2379 1697 2448 portu,
1728 2385 1939 2446 neque
1972 2384 2057 2425 ex
2088 2364 2202 2428 'de-

261 2457 496 2549 csimis,
518 2492 728 2554 neque
762 2493 844 2533 ex
877 2471 1191 2556 scriptura
1222 2471 1503 2556 vectTgal
1537 2471 1905 2535 conservari
1939 2485 2156 2554 potest
2186 2497 2204 2544 ;

261 2599 464 2661 quare
515 2576 709 2664 saepe
765 2576 965 2644 totius
1009 2581 1156 2643 anni
1190 2579 1442 2644 fructus
1477 2602 1606 2644 uno
1639 2601 1897 2643 rumore
1930 2573 2209 2661 periculi

264 2703 458 2773 atque
514 2713 644 2756 uno
682 2691 830 2754 belli
863 2706 1108 2754 terrore
1142 2677 1483 2754 amittitur.
1577 2690 1733 2765 Quo
1766 2691 2031 2752 tandem
2067 2688 2205 2750 ani-

262 2819 373 2861 mo
419 2823 563 2864 esse
620 2800 1006 2872 existimatis
1060 2815 1175 2864 aut
1226 2822 1362 2881 e03,
1430 2800 1542 2882 qui
1595 2797 1941 2882 vectigalia
2019 2796 2205 2860 vobis

333 2957 381 3005 2.
421 2956 929 3019 Vectigalia—There
951 2971 1089 3006 were
1110 2958 1264 3006 three
1285 2956 1441 3006 kinds
1483 2954 1546 3006 of
1571 2954 1796 3013 tributeg
1832 2969 1931 3004 one
1967 2951 2213 3017 imposed

262 3020 474 3085 equally
490 3036 628 3084 upon
643 3025 774 3072 each
787 3041 976 3088 person
989 3047 1000 3081 ς
1024 3024 1242 3073 another
1255 3024 1539 3089 according
1550 3031 1606 3073 to
1618 3024 1708 3071 the
1721 3021 1983 3071 valuation
1996 3020 2064 3070 of
2072 3020 2216 3069 their

264 3093 462 3134 estates
484 3108 497 3142 ς
534 3087 636 3136 and
657 3105 687 3136 a
702 3090 865 3150 third,
888 3092 1058 3141 which
1080 3107 1186 3140 was
1207 3090 1618 3154 extraordinary,
1638 3089 1742 3137 and
1766 3087 2067 3138 demanded
2090 3086 2217 3153 only

264 3151 319 3200 in
342 3168 490 3202 cases
514 3152 576 3202 of
588 3156 861 3221 necessity.
931 3159 1045 3208 The
1079 3159 1234 3207 other
1262 3165 1418 3208 taxos
1441 3172 1578 3206 were
1603 3156 1714 3206 also
1742 3154 1808 3205 of
1838 3156 1989 3214 three
2033 3152 2219 3213 kinds,

266 3221 565 3278 Por-corium,
591 3224 840 3270 Decumae
861 3224 964 3271 and
988 3228 1260 3289 Scriptura.
1350 3224 1643 3273 Portorium
1665 3239 1772 3272 was
1795 3237 1985 3285 money
2008 3220 2142 3284 paid
2161 3229 2224 3270 at

264 3285 358 3334 the
379 3293 525 3348 ports
547 3285 629 3336 for
649 3288 816 3353 goods
837 3288 1098 3352 imparted
1119 3293 1221 3341 and
1240 3291 1526 3356 exported;
1550 3288 1835 3348 Decumae,
1851 3288 2034 3347 tithes,
2070 3302 2223 3338 were
2354 3271 2355 3284 ἵ

263 3351 356 3401 the
379 3352 525 3409 tenth
550 3362 669 3419 part
688 3353 752 3403 of
766 3370 908 3415 corn,
923 3357 1025 3406 and
1036 3359 1128 3407 the
1148 3357 1268 3409 fifth
1285 3365 1405 3422 part
1420 3351 1649 3410 osother
1666 3356 1838 3415 fruits,
1874 3355 2049 3404 which
2074 3368 2227 3410 werae

261 3418 492 3468 exacted
510 3417 643 3470 from
662 3421 833 3481 those,
868 3422 986 3471 who
1003 3424 1154 3474 tilled
1171 3427 1263 3475 the
1282 3425 1497 3490 publick
1516 3424 1685 3484 landa,
1708 3424 1879 3473 either
1910 3417 1963 3472 ih
1996 3419 2141 3487 Italy
2154 3421 2231 3476 ’δι’
2264 3453 2277 3462 -

265 3485 487 3534 without
517 3487 586 3544 it;
625 3488 893 3553 Scriptura
913 3503 1020 3538 was
1038 3492 1129 3540 the
1148 3501 1242 3541 tax
1274 3493 1397 3558 paid
1430 3490 1563 3541 from
1591 3491 1811 3556 publick
1829 3496 2078 3555 pastui-es

265 3552 464 3610 woods,
499 3567 558 3600 so
580 3555 768 3614 called,
789 3556 1017 3605 because
1049 3558 1221 3617 those,
1245 3560 1362 3609 who
1397 3560 1597 3608 wished
1624 3567 1682 3608 to
1719 3557 1844 3607 seed
1879 3556 2022 3606 their

262 3615 435 3693 there,
457 3619 766 3672 subscribed
785 3623 930 3672 their
942 3638 1124 3675 names
1154 3625 1333 3677 before
1368 3626 1457 3677 the
1492 3623 1691 3676 farmor
1717 3623 1781 3675 of
1805 3625 1865 3687 it,
1899 3622 2005 3674 and
2034 3635 2075 3689 p
2112 3621 2128 3633 ”

260 3687 464 3734 certam
486 3702 603 3737 sum
623 3687 705 3740 for
723 3690 854 3741 each
877 3689 1042 3742 beust.

1756 3769 1781 3798 Χ
