2382 4110
207 142 278 206 62
646 143 909 229 emmo
943 144 1033 198 m.
1085 146 1165 197 m
1198 149 1258 198 ι,
1289 120 1701 198 oA‘rmAM.

211 316 294 360 eo
325 293 468 380 ipso
509 304 807 379 tempore
859 290 1121 380 signum
1158 295 1601 359 statueretur?
1650 315 1780 378 quo
1838 268 2179 363 collocato·

208 418 409 490 atque
455 404 548 468 ‘ad
593 424 710 468 vos
743 404 1182 489 Senatumque
1224 424 1561 484 convers0‚
1612 402 1831 469 omnia
1863 422 1927 469 et
1956 396 2157 470 Semta

213 528 321 581 tus
363 529 433 579 et
480 534 623 596 vos,
667 534 836 600 quae
867 529 1056 579 erant
1086 530 1310 579 contra
1342 496 1617 581 salutem
1646 515 1940 579 omnium
1973 516 2154 601 cogi·

210 645 367 711 tata,
398 628 716 694 illustrata
747 643 831 695 et
840 628 1164 717 patefacta
1193 624 1477 693 vidistis.
1601 627 1761 704 Quo
1793 626 1989 694 etiam
2020 649 2157 692 ma-

201 740 355 828 jore
387 755 537 805 sunt
567 736 679 804 isti
709 738 867 804 odio
898 728 1346 825 supplicioque
1379 736 1585 824 digni,
1629 732 1745 849 qui
1773 758 1903 802 non
1933 730 2181 805 solum'

213 855 449 919 vestris
483 850 833 919 domiciliis
866 869 1060 937 atque
1079 852 1296 933 tectis,
1328 854 1445 918 sed
1478 852 1674 917 etiam
1692 838 1972 916 'deorum
1992 842 2162 915 tem·

214 966 342 1053 plis
373 980 566 1050 atque
599 965 883 1031 delubris
915 971 1066 1028 sunt
1097 960 1390 1028 fflnesto's
1423 986 1495 1028 ac
1526 963 1863 1028 nefarios
1847 987 2027 1049 ignes
2060 962 2158 1027 in-

214 1077 386 1142 ferre
411 1076 622 1141 conati
650 1099 669 1138 ε
720 1076 953 1160 quibus
987 1098 1111 1161 ego
1158 1075 1215 1139 si
1239 1096 1344 1139 me
1378 1072 1692 1140 restitisse
1724 1076 1962 1155 dicam,
1992 1074 2159 1138 nimss

217 1189 357 1254 ium
387 1187 551 1252 mihi
584 1208 861 1269 sumam,
907 1200 973 1253 et
1003 1209 1133 1250 non
1163 1182 1290 1251 sim
1322 1184 1679 1252 ferendus.
1726 1170 1864 1267 ille,
1896 1185 2002 1248 ille
2038 1186 2157 1268 Ju-

216 1301 390 1386 piter
416 1300 698 1364 restitit:
753 1299 862 1364 ille
899 1299 1321 1399 Capitolium,
1375 1298 1483 1362 ille
1526 1292 1687 1363 baec
1731 1299 1995 1384 templa,
2024 1284 2183 1362 ine

217 1402 386 1478 hane
416 1414 669 1495 urbem,
711 1412 820 1476 ine
852 1435 969 1476 vos
1003 1435 1229 1477 omnes
1262 1413 1475 1477 salvos
1509 1434 1650 1477 esse
1683 1410 1913 1477 voluit.
2007 1396 2158 1476 Diis

219 1544 345 1607 ego
377 1521 851 1587 immortalibus
885 1520 1160 1587 ducibus
1190 1521 1355 1585 hanc
1376 1522 1688 1601 mentem,
1711 1519 2029 1599 Quirites,
2043 1541 2161 1582 vo
2178 1526 2186 1534 ’

218 1630 664 1757 luntatemque
694 1615 974 1715 suscepi,
1006 1643 1201 1713 atque
1236 1629 1320 1693 ad
1343 1629 1503 1695 haec
1534 1640 1714 1693 tanta
1741 1627 1981 1727 indicia
2012 1647 2159 1712 per-

218 1742 395 1808 veni.
435 1744 638 1826 Jam
689 1742 850 1808 vero
902 1741 1013 1806 illa
1067 1741 1506 1826 Allobrogum
1556 1739 1929 1818 solicitatio‚
1981 1738 2076 1802 sic
2124 1722 2189 1802 a'

225 1849 511 1917 Lentulo
561 1851 963 1935 caeterisque
988 1849 1392 1925 ‚domesticis
1435 1849 1756 1929 hostibus,
1807 1862 1987 1912 tanta
2035 1869 2165 1927 res,

220 1954 366 2026 tam
390 1957 733 2024 dementer
760 1960 1008 2024 credita
1039 1974 1105 2024 et
1133 1959 1375 2045 ignotis
1409 1975 1474 2024 et
1503 1958 1816 2040 barbaris,
1854 1957 2164 2039 ‚commis-

221 2090 465 2153 saeque
508 2063 734 2132 literae
785 2091 1117 2153 nunquam
1150 2085 1369 2135 essent
1398 2069 1714 2155 profecto,
1767 2071 1892 2134 nisi
1946 2093 1985 2134 a
2037 2071 2166 2154 diis
2262 2136 2268 2142 ,
2372 2097 2373 2116 ÷

222 2176 698 2253 immortalibus
759 2178 912 2244 huic
962 2195 1180 2244 tantae
1232 2181 1545 2244 audaciae
1599 2180 1942 2246 consilium
1993 2195 2169 2244 esset

226 2304 542 2375 ereptum.
629 2288 822 2365 Quid
852 2289 1064 2355 vero?
1130 2305 1206 2355 ut
1248 2290 1544 2355 homines
1579 2289 1753 2354 Galli
1785 2313 1870 2353 ex
1900 2290 2166 2354 civitate

226 2400 398 2468 male
432 2405 677 2489 pacata,
711 2422 876 2488 quae
911 2425 1068 2488 gens
1100 2425 1232 2468 una
1261 2417 1487 2485 restat,
1517 2425 1686 2488 quae
1703 2404 1943 2489 populo
1967 2401 2166 2466 Rom.

227 2516 472 2581 bellum
503 2514 717 2579 facere
773 2530 839 2580 et
881 2538 1071 2601 posse
1126 2530 1193 2579 et
1243 2539 1374 2580 non
1402 2517 1574 2580 nolle
1607 2517 1930 2596 videatur,
1984 2538 2172 2601 spem

230 2628 491 2716 imperii
521 2643 586 2694 et
614 2650 834 2694 rerum
877 2628 1426 2714 amplissimarum
1461 2628 1633 2696 ultro
1667 2627 1790 2696 sibi
1822 2626 2174 2712 apatriciis

229 2737 602 2807 hominibus
655 2742 939 2805 oblatam
983 2731 1409 2829 negligerent,
1446 2756 1860 2824 vestramque
1888 2740 2180 2805 salutem

231 2851 369 2915 suis
400 2851 630 2936 opibus
663 2865 1120 2937 anteponerent
1147 2874 1164 2913 ε
1200 2851 1272 2916 id
1300 2872 1541 2914 non-ne
1574 2849 1892 2916 divinitus
1924 2848 2180 2915 factum
2220 2890 2239 2905 ι

231 2983 375 3026 esse
408 2961 697 3046 putatis?
750 2962 1132 3046 praesertim
1164 2962 1279 3047 qui
1310 2985 1428 3026 nos
1459 2985 1590 3026 non
1620 2963 1993 3048 pugnando,
2056 2962 2182 3027 sed

220 3070 509 3135 tacendo
539 3091 846 3154 superare
878 3086 1248 3157 potuerunt.

321 3178 406 3241 X.
459 3177 931 3259 Quamobrem,
967 3179 1290 3261 Quirites,
1323 3181 1748 3265 quoniame-‚d
1779 3179 2002 3245 omnia
2031 3180 2183 3265 pul-

229 3284 486 3352 vinaria
532 3288 920 3375 supplicatio
963 3291 1226 3358 decreta
1256 3306 1377 3372 est,
1430 3273 1820 3357 celebratote
1852 3290 2000 3356 illos
2032 3290 2183 3356 dies

233 3420 385 3465 eum
416 3398 799 3484 conjugibus
834 3421 907 3464 ac
938 3400 1159 3464 liberis
1190 3402 1450 3484 vestris.
1544 3403 1723 3466 Nam
1755 3401 1944 3466 multi
1977 3395 2199 3486 saepe*

231 3505 513 3574 honores
544 3509 671 3573 diis
705 3510 1179 3574 immortalibus
1225 3511 1393 3597 justi
1424 3502 1637 3576 habiti
1659 3526 1811 3576 sunt
1843 3531 1918 3573 ae
1950 3508 2194 3588 debiti,

235 3620 355 3687 sed
407 3619 698 3707 profecto
744 3622 1057 3711 justiores
1077 3644 1456 3708 ‘nunquam-
1548 3623 1777 3709 Erepti
1811 3622 1988 3690 enim
2020 3620 2190 3689 estis
