2382 4110
247 165 358 218 142
741 160 1003 212 ORATIO
1036 161 1174 212 PRO
1206 161 1284 211 M.
1317 160 1712 212 MARCELLO.

259 325 327 376 et
380 309 853 393 ⁵atrocissimam
900 308 1342 401 suspicionem
1394 324 1575 372 tuam
1603 335 1621 384 ς
1670 329 1838 392 quae
1891 329 2023 372 non
2076 310 2202 374 tibi

251 423 380 509 ipsi
414 422 644 507 magis,
676 419 873 507 quem
907 442 1057 485 cum
1090 420 1389 484 omnibus
1422 420 1698 500 civibus,
1728 434 1873 484 tum
1904 418 2199 485 maxime

249 536 462 615 nobis,
496 535 610 618 qui
651 553 691 596 a
743 548 808 598 te
863 532 1229 598 conservati
1279 552 1528 611 sumus,
1576 530 1985 615 providenda
2045 548 2197 609 est3

254 667 451 731 quam
483 644 605 709 etsi
639 666 830 753 spero
861 666 1004 708 esse
1056 642 1313 723 falsam,
1361 664 1693 725 nunquam
1725 655 1942 707 tamen
1972 644 2197 707 verbis

249 756 661 821 extenuabo·
708 769 823 819 tua
854 755 1025 817 enim
1057 753 1275 816 cautio
1308 766 1530 816 nostra
1563 751 1776 815 cautio
1809 766 1948 853 est3
1994 765 2090 833 ut,
2138 754 2196 817 si

249 869 321 933 in
352 870 662 934 alterutro
692 869 1093 955 peccandum
1127 867 1234 948 sit,
1266 867 1491 930 malim
1521 864 1735 931 videri
1766 848 1964 931 nimis
2012 868 2195 933 timi·

250 979 396 1058 dus,
429 999 624 1061 quam
655 998 889 1061 parum
923 977 1252 1061 prudenS.
1302 976 1420 1039 sed
1446 976 1744 1058 quisnam
1779 990 1877 1038 est
1908 974 2028 1038 iste
2051 990 2193 1040 tam

239 1087 566 1150 demens?
612 1087 693 1150 de
728 1085 979 1150 tuisne?
1011 1085 1273 1149 tametsi
1307 1084 1419 1169 qui
1440 1085 1649 1168 magis
1675 1100 1824 1148 sunt
1846 1086 1966 1165 tui,
1990 1108 2190 1170 quam

245 1197 482 1281 quibus
512 1211 587 1261 tu
618 1197 895 1261 salutem
928 1195 1405 1281 insperantibus
1439 1193 1839 1258 reddidisti?
1885 1217 1966 1258 an
1992 1216 2077 1259 ex
2109 1215 2188 1259 eo

241 1327 543 1386 numero,
575 1306 689 1390 qui
734 1328 862 1370 una
891 1321 1110 1370 tecum
1161 1303 1473 1369 fudi-unt.
1457 1303 1480 1347 Ρ
1526 1327 1656 1369 non
1708 1318 1808 1368 est
1855 1278 2189 1370 credibilis

243 1429 462 1480 tantus
493 1415 559 1480 in
593 1415 729 1480 ullo
761 1414 974 1494 furor,
998 1430 1093 1496 ut,
1126 1436 1259 1499 quo
1313 1416 1480 1479 duce
1537 1414 1758 1478 omnia
1812 1437 2071 1480 summa
2103 1416 2189 1482 sit

244 1524 542 1608 adeptus,
595 1522 791 1611 hujus
842 1522 1048 1588 vitam
1100 1544 1233 1588 non
1286 1526 1638 1609 autep'onat
1684 1546 1863 1589 suae.
1973 1524 2096 1607 At,
2128 1524 2187 1590 si

233 1636 342 1698 tui
387 1632 553 1698 nihil
586 1635 873 1719 cogitant
903 1634 1190 1714 sceleris,
1235 1635 1599 1699 cavendum
1632 1648 1752 1715 est,
1782 1656 1863 1699 ne
1893 1635 2057 1720 quid
2089 1635 2188 1700 in·

241 1744 471 1812 imici:
520 1748 683 1833 qui?
728 1769 953 1819 omues
1008 1747 1208 1829 enim,
1261 1748 1375 1833 qui
1431 1746 1716 1828 fuerunt,
1748 1761 1860 1812 sut
1890 1750 2007 1813 sui
2034 1770 2187 1835 per·
2262 1798 2271 1805 -

229 1862 477 1927 ¹tinacizi
506 1864 711 1928 vitam
744 1854 1120 1943 amiserunt,
1163 1875 1278 1926 aut
1324 1862 1435 1926 tufi
1486 1860 1933 1926 misericordia
1981 1863 2183 1927 retin-

237 1987 515 2037 ueruntt
563 1988 638 2037 ut
669 1988 783 2036 aut
818 1973 980 2040 nulli
1013 1972 1340 2059 supersint
1383 1973 1466 2036 de
1520 1971 1826 2053 inimicis,
1877 1987 2012 2053 aut,
2065 1973 2184 2058 qui

237 2082 718 2168 superfuerunt,
772 2083 1152 2148 amicissimi
1186 2084 1337 2149 sint.
1428 2084 1560 2148 Sed
1611 2097 1855 2165 tamen,
1907 2106 2058 2148 cum
2112 2085 2185 2150 in

237 2189 471 2253 animis
503 2189 844 2255 hominum
868 2206 1081 2256 tantae
1104 2192 1388 2256 latebrae
1413 2193 1564 2275 sint,
1589 2209 1653 2257 et
1676 2194 1836 2259 tanti
1858 2216 2183 2276 recessus,

237 2297 592 2384 augedmus
626 2300 781 2366 sane
818 2302 1257 2388 suspicionem
1308 2318 1536 2370 tuam:
1585 2305 1782 2370 simul
1833 2305 2009 2372 enim
2060 2331 2180 2374 au·

225 2389 534 2493 -gebimus
566 2427 631 2474 et
651 2410 1101 2496 diligentiam5
1147 2434 1301 2477 nam
1334 2414 1481 2498 quis
1540 2430 1640 2480 est
1693 2417 1988 2482 omnium
2037 2431 2183 2484 tam

232 2520 495 2605 ignarus
528 2544 770 2602 rerum,
800 2538 935 2588 tam
968 2524 1150 2588 rudis
1184 2524 1253 2588 in
1283 2525 1508 2610 repub.
1530 2542 1666 2591 tam
1698 2525 1862 2591 nihil
1883 2550 2179 2613 uuquam

230 2651 350 2696 nec
382 2632 464 2695 de
497 2636 634 2714 suzi,
664 2649 783 2697 nec
817 2634 900 2698 de
932 2635 1263 2700 communi
1294 2635 1501 2704 salute
1535 2637 1851 2722 cogitans,
1895 2639 2011 2722 qui
2040 2657 2180 2705 non

230 2739 570 2826 intelligat,
600 2743 711 2807 tua
743 2742 950 2806 salute
981 2743 1296 2808 contineri
1330 2745 1563 2810 suam?
1609 2760 1675 2810 et
1704 2768 1787 2810 ex
1820 2745 2013 2814 unius
2061 2752 2178 2814 tui

227 2850 433 2915 vitam
463 2849 748 2937 pendere
781 2853 1115 2917 omnium?
1161 2853 1496 2937 Equidem
1528 2856 1611 2920 de
1642 2870 1708 2921 te
1740 2857 1882 2922 dies
1913 2873 2174 2924 noctes-

228 2979 379 3041 que,
411 2974 486 3023 ut
514 2961 745 3042 debeo,
786 2964 1099 3047 cogitans,
1133 2985 1321 3028 casus
1379 2963 1698 3050 dunt‘zixat
1748 2966 2071 3033 humanos
2105 2984 2175 3036 et

224 3067 505 3131 incertos
559 3086 829 3135 eventus
881 3073 1303 3154 valetudinis,
1357 3090 1424 3139 et
1474 3092 1743 3143 naturae
1798 3071 2171 3148 communis

222 3171 641 3259 fragilitatem
664 3180 1063 3258 extimesc03
1110 3177 1457 3268 ἀοῙεόφιε,
1473 3207 1622 3252 cum
1643 3187 2059 3272 respublica
2041 3210 2170 3253 xm-

223 3284 516 3348 mortalis
568 3307 714 3350 esse
769 3287 1023 3371 debeat,
1066 3313 1210 3355 eam
1259 3292 1326 3356 in
1376 3275 1569 3358 unius
1624 3296 1919 3361 mortalis
1951 3297 2171 3362 animi

221 3391 618 3457 consistere.
667 3393 724 3458 si
777 3395 937 3460 vero
991 3399 1074 3461 ad
1127 3397 1448 3466 humanos
1503 3423 1692 3470 casus
1746 3405 2163 3491 incertosque

185 3554 198 3562 .
219 3513 491 3566 eventus
551 3503 944 3569 valetudinis
997 3509 1261 3573 sceleris
1313 3512 1512 3577 etiam
1566 3516 1833 3579 accedat
1886 3515 2160 3581 iusidia-

213 3625 494 3700 rumque
530 3612 912 3688 consensi03
961 3636 1157 3697 quem
1190 3619 1417 3700 deum,
1446 3620 1651 3714 etiam
1672 3622 1729 3688 si
1764 3624 2008 3709 cupiat,
2038 3645 2156 3709 op-

213 3708 430 3773 itulari
461 3733 652 3797 posse
683 3718 1074 3803 reipublicae
1108 3725 1498 3792 credamus?
