2382 4110
752 159 1695 220 onamrnoT.A.M1Lom
2112 169 2298 228 w*

249 345 379 412 rat,
414 329 632 415 quam,
664 330 861 394 etiam
893 333 950 395 si
984 332 1145 415 quid
1184 333 1311 420 ipsi
1344 291 1616 414 acciidass
1648 357 1789 400 esse
1822 333 2039 404 tamen
2072 341 2200 408 illis

247 445 563 508 meritum
593 444 957 528 praemium
982 425 1406 527 persolutum.
1464 447 1596 510 Sed
1621 451 2066 532 ⁴quaestiones
2091 475 2200 517 ur-

248 568 406 638 gent
439 553 788 631 Milonem,
833 573 997 633 quae
1029 566 1180 615 sunt
1210 553 1468 618 habitae
1499 577 1670 620 nunc
1705 558 1771 621 in
1809 565 1835 599 ⁸
1846 562 2009 624 atrio
2036 563 2195 626 Lib-

244 665 471 728 ertatis
497 687 513 726 2
568 663 958 747 quibusnam
984 663 1065 728 de
1094 666 1302 728 servis
1336 666 1361 728 ἓ
1406 688 1597 750 rogas
1625 669 1647 732 ?
1704 670 1785 733 de
1821 671 1898 734 P.
1926 672 2142 737 Clodii
2172 700 2193 749 3

206 778 392 861 rquis
426 799 536 839 eos
569 776 922 861 postulavit
954 777 978 838 ἓ
1028 776 1289 861 Appius
1326 804 1344 852 ς
1380 779 1524 860 quis
1557 781 1917 866 produxit?
1980 783 2192 868 Appi-

238 910 321 951 us
351 914 367 962 3
414 887 635 950 unde?
667 887 747 949 ab
774 885 1019 971 Appio.
1112 887 1231 951 Dii
1261 888 1412 953 boni
1438 889 1456 953 Ξ
1515 890 1676 973 quid
1704 906 1919 974 potest
1950 892 2055 977 agi
2089 915 2190 957 se-

236 998 464 1062 verius
493 997 515 1057 ?
550 998 632 1059 de
664 996 873 1059 servis.
900 996 1077 1079 nulla
1107 998 1405 1079 quaestio
1438 1012 1537 1061 est
1568 999 1634 1062 in
1669 1000 2035 1080 dominum,
2058 1002 2189 1066 nisi

237 1108 325 1169 de
360 1106 628 1184 incestu,
650 1118 724 1168 ut
754 1104 882 1169 fuit
904 1104 971 1168 in
998 1104 1358 1188 Clodium:
1388 1106 1687 1189 proxime
1721 1108 1882 1172 deos
1913 1111 2184 1175 accessit

240 1200 597 1293 Clodius,⁶
609 1214 879 1299 propius
912 1211 1108 1297 quam
1140 1229 1305 1294 tum,
1359 1235 1508 1279 eum
1559 1216 1704 1279 ad
1687 1239 1859 1301 1psos
1894 1224 2180 1303 penetra-

232 1340 388 1390 rat.
435 1328 613 1412 cujus
644 1327 729 1391 de
759 1340 994 1406 morte,
1044 1340 1357 1410 tanquam
1400 1330 1482 1391 de
1515 1322 1942 1394 caeremoniis
1973 1330 2178 1397 viola-

233 1437 348 1516 tis,
381 1437 726 1519 quaeritur.
817 1437 950 1500 Sed
979 1451 1199 1501 tamen
1233 1440 1380 1502 Ma‘
1385 1461 1532 1503 ores
1584 1441 1789 1505 nostri
1807 1419 1908 1524 (in
1963 1444 2179 1508 domi·

226 1569 388 1610 num
421 1547 502 1611 de
535 1569 723 1611 servo
757 1549 980 1631 quaeri
962 1462 1403 1632 nolueruntb
1433 1574 1563 1615 non
1615 1554 1770 1636 quia
1799 1576 1928 1617 non
1959 1571 2181 1639 posset

223 1677 460 1720 verum
489 1655 791 1734 inveniri,
823 1658 941 1721 sed
973 1658 1128 1741 quia
1157 1658 1503 1722 videbatur
1533 1660 1874 1744 indignum
1908 1686 2075 1744 esse,
2107 1679 2175 1729 et

223 1765 478 1829 domini
510 1779 719 1829 morte
752 1766 890 1850 ipsa
918 1766 1167 1830 tristius
1196 1789 1217 1830 ε
1271 1768 1339 1829 in
1390 1788 1577 1831 reum
1627 1768 1709 1831 de
1744 1771 1948 1833 servis
1983 1794 2175 1836 accu-

204 1861 461 1956 ‚sat'oris
513 1898 660 1939 cum
705 1876 1059 1959 quaeritur,
1109 1898 1339 1940 verum
1392 1876 1666 1941 inveniri
1711 1880 1967 1962 potest?
2017 1879 2172 1964 Age

185 1960 409 2069 κινεῖ-ὸ,
444 2011 608 2072 quae
643 2003 801 2070 erat,
836 2005 947 2054 aut
978 1989 1185 2074 qualis
1221 1991 1562 2073 quaestio?
1613 1990 1776 2055 heus
1831 1993 1945 2057 ubi
1998 1993 2170 2059 Rus·

214 2102 348 2180 cic,
380 2102 492 2164 ubi
519 2102 773 2170 Casca?
810 2102 1083 2165 Clodius
1115 2101 1392 2165 insidias·
1419 2092 1588 2195 feci-'’t-
1611 2103 1911 2167 Miloni?
1955 2104 2114 2170 fecit
2147 2129 2167 2168 t

215 2223 398 2273 certa
430 2231 611 2272 crux.
727 2210 962 2272 Nullas
994 2209 1190 2273 fecit:
1241 2224 1497 2294 sperata
1537 2212 1823 2277 libertas.
1940 2211 2164 2290 ⁷Quid

210 2318 335 2380 hac
359 2318 736 2401 quaestione
759 2319 1034 2381 certius?
1069 2319 1303 2384 Subit&
1325 2322 1564 2407 arrepti
1591 2323 1656 2385 in
1689 2325 2175 2406 quaestionem,

214 2442 437 2490 tamen
484 2442 861 2512 separantur
891 2450 929 2490 a
960 2428 1256 2506 caeteri5‚
1309 2443 1376 2492 et
1404 2431 1470 2493 in
1503 2454 1683 2495 arcas
1707 2435 2166 2519 conjiciuntur,

209 2560 295 2601 ne
332 2539 477 2621 quis
511 2561 665 2602 cum
685 2539 766 2602 iis
788 2539 1074 2621 colloqui
1094 2537 1344 2622 possit:
1379 2537 1448 2600 hi
1483 2543 1777 2602 ‘centum
1800 2542 1940 2604 dies
1965 2566 2162 2626 penes

209 2662 658 2741 accusatorem
692 2670 840 2713 cum
871 2647 1169 2728 fuissent,
1204 2649 1294 2712 ab
1317 2670 1395 2711 eo
1428 2649 1570 2732 ipso
1604 2665 1976 2715 accusatore
2009 2674 2157 2738 pro*-

273 2810 326 2857 4.
373 2809 700 2869 Quaestimzes,
723 2820 810 2859 etc.
815 2838 871 2849 --
854 2807 1174 2874 -According
1212 2816 1267 2858 to
1302 2807 1393 2857 the
1430 2810 1629 2856 Roman
1660 2806 1779 2867 law,
1817 2808 2165 2860 manumitted
2217 2864 2232 2874 ,

206 2881 447 2925 servants
470 2876 626 2925 could
646 2885 736 2925 not
773 2876 839 2924 be
861 2875 1219 2949 interrogated
1240 2889 1380 2939 upon
1401 2875 1493 2924 the
1516 2874 1903 2952 raek-Appius
1927 2875 2161 2939 Clodius,

201 2957 302 2991 son
327 2940 391 2990 of
403 2941 556 2991 Caius
576 2943 806 3001 Clodius»,
830 2942 891 2991 b1·
891 2936 1045 2991 'other
1085 2939 1148 2991 of
1174 2942 1389 2991 Publius
1411 2940 1643 3001 clodius,
1688 2941 2002 3004 demanded,
2044 2944 2163 2996 that

200 3007 288 3057 his
312 3007 487 3059 uncle’
488 3024 513 3056 s
533 3017 766 3059 servants
789 3009 980 3059 should
1004 3007 1069 3057 be
1091 3007 1488 3074 interrogated
1474 3025 1528 3057 m
1546 3009 1662 3059 that
1683 3024 1914 3059 manner.

274 3079 323 3125 5.
360 3077 504 3125 atrio
527 3077 994 3126 Libertatis-”Nem-
1029 3076 1121 3125 the
1162 3076 1389 3139 temples
1412 3091 1549 3125 were
1573 3076 1724 3135 hans,
1766 3076 1940 3128 where
1979 3087 2158 3133 courts

200 3139 351 3191 often
378 3150 477 3201 sat,
502 3141 605 3191 and
625 3143 715 3192 the
739 3145 925 3194 Senate
950 3158 1057 3195 was
1075 3142 1224 3207 kept,
1243 3141 1469 3192 because
1492 3142 1534 3193 it
1553 3159 1659 3193 was
1683 3142 1949 3194 reckoned
1966 3146 2160 3198 unlaw-

195 3205 280 3258 sul
316 3207 402 3259 for
437 3209 480 3259 it
510 3216 573 3257 to
585 3217 729 3259 meet
750 3211 801 3260 in
825 3227 925 3276 any
945 3212 1097 3261 other
1117 3209 1244 3259 than
1266 3224 1298 3257 a
1319 3209 1443 3274 holy
1459 3210 1623 3273 place.
1626 3210 1799 3260 ...The
1830 3213 2036 3262 ancient
2058 3217 2159 3264 Ro-

198 3289 354 3326 mans
375 3275 709 3340 worshipped
729 3277 939 3342 Liberty
963 3293 1019 3326 as
1042 3295 1072 3326 a
1094 3275 1360 3341 goddess,
1402 3277 1504 3326 and
1536 3286 1593 3328 to
1624 3277 1731 3326 this
1754 3277 1898 3344 deity
1921 3282 2159 3345 Sempro-

195 3343 318 3392 nius
345 3342 634 3403 GracchuS,
653 3344 745 3394 the
767 3342 990 3393 founder
1013 3343 1073 3393 of
1085 3344 1177 3392 the
1201 3343 1488 3393 Gracchian
1510 3360 1653 3405 tace,
1676 3345 1870 3397 caused
1895 3363 1926 3396 a
1947 3347 2145 3411 temple

195 3414 254 3460 to
277 3409 348 3459 be
373 3408 592 3461 ereeted
612 3417 704 3460 out
727 3409 790 3461 of
804 3411 897 3460 the
918 3425 1109 3475 money
1126 3410 1303 3460 raised
1322 3410 1392 3475 by
1412 3409 1558 3460 fines,

267 3478 320 3526 6
352 3480 576 3543 Propius
593 3495 738 3540 quam
761 3476 1101 3528 tum-Cicero
1117 3474 1286 3527 refers
1304 3485 1360 3528 to
1380 3477 1609 3563 Clodius'
1628 3477 1887 3544 polluting
1905 3478 1997 3528 the
2021 3491 2107 3543 my
2110 3492 2157 3529 sf-

192 3544 361 3595 teries
385 3544 449 3593 of
466 3545 619 3594 Good
642 3544 899 3595 Goddess.

263 3616 315 3665 7.
361 3616 496 3672 Quid
512 3614 625 3671 Ιιάσ,
649 3623 740 3664 etc.
743 3610 966 3660 -This
953 3627 999 3660 ιε
1020 3611 1255 3662 ironical.

262 3680 311 3729 8.
355 3682 561 3731 Centum
577 3681 822 3732 dieo-“An
842 3678 1089 3733 hundred
1107 3678 1239 3745 days
1259 3677 1369 3731 had
1388 3674 1604 3742 elapsed
1635 3677 1779 3727 since
1802 3674 1893 3733 the
1914 3674 2075 3729 death
2099 3675 2170 3728 0ss

192 3745 471 3805 Clodius.
